4025 5367
624 270 1275 371 eealr‘aarau.
1646 303 1712 383 269

165 433 190 505 '„
211 424 280 513 gari
302 424 338 492 in
360 428 495 503 unum,
526 435 564 489 ut
596 414 738 485 viduato
763 413 921 482 Romanae
943 400 1096 476 Ecclefiae
1108 453 1120 487 ,
1141 427 1181 473 ne
1206 404 1342 475 ulterius
1365 403 1537 480 viduitatis
1558 400 1746 496 deploraret

165 558 188 593 „
209 509 417 581 incommoda
437 556 449 589 ‚
470 508 513 578 de
545 498 673 575 Pistore
694 502 815 573 idoneo
839 495 1068 585 providerent,
1089 495 1227 579 Spiritus
1249 492 1357 565 San&
1380 498 1484 583 gratia
1497 498 1672 581 invocata,
1696 502 1750 566 sn..

166 645 192 680 „
212 620 289 682 nos,
312 600 389 676 licet
414 581 589 683 indihrum
609 613 687 662 tunc
712 586 850 677 Basrlr'ca·
873 585 1034 680 duodecim
1056 576 1283 683 Apoliolorum
1296 582 1333 651 dr
1343 582 1426 653 Urbe
1435 582 1662 677 Presbyterum
1673 594 1752 657 Car·

164 686 346 768 „sinalem
368 687 556 756 direxerunt
570 680 776 751 'unanimiter
797 695 876 744 vota
898 678 951 743 lna
974 674 1010 739 in
1033 671 1159 739 Summi
1185 668 1258 736 Nos
1281 668 1496 758 Apostolatus
1518 676 1645 761 apicem
1667 670 1754 744 aliu-

166 821 192 856 „
213 795 371 846 mentes.
416 774 461 841 Et
493 770 644 860 quamvis
673 766 716 836 ad
746 781 847 832 tantae
869 764 917 830 rei
943 754 1070 847 pondus
1092 780 1151 829 nos
1173 751 1454 850 insufficientem,
1483 764 1516 828 &
1548 763 1753 833 immeritum

166 908 190 943 „
214 861 448 941 aenoscamus,
471 861 578 928 tamen
600 854 795 924 Clementia
817 847 963 929 divine,
985 850 1018 915 δι
1041 842 1279 934 Apostolorum
1302 848 1410 930 Petri,
1433 850 1466 915 dc
1490 850 1582 919 Pauli
1598 850 1753 919 intercel.

168 994 192 1031 „
216 920 315 1018 sionis
336 944 449 1017 consili
473 944 665 1034 praelidio,
698 936 738 1009 ad
769 956 838 1006 tam
858 941 980 1024 grande
1003 956 1086 1003 onus
1108 930 1334 1093 supgosuimus
1355 934 1508 1007 humeros
1531 938 1712 1007 imbecilles
1738 984 1749 1017 ,

168 1080 191 1115 ,‚
214 1035 383 1123 sperantes.
398 1028 536 1106 indubie
558 1035 594 1103 in
616 1053 657 1101 eo
672 1078 682 1113 ,
700 1024 906 1097 cuiuscaula
929 1025 1058 1111 agitur,
1079 1025 1138 1111 qui
1184 1042 1204 1089 e
1223 1020 1332 1101 nihilo
1354 1026 1469 1095 cuneta
1490 1028 1636 1107 crearit,
1659 1024 1753 1114 quod

167 1125 299 1205 „Petri
322 1124 523 1194 Nariculam
546 1117 665 1191 nostris
686 1114 827 1204 peccatis
848 1111 1053 1199 exigentibus
1075 1116 1090 1191 (
1113 1106 1199 1197 proh
1221 1107 1318 1181 dolor
1340 1114 1355 1191 )
1380 1107 1423 1182 stc
1445 1111 1610 1184 modernis
1620 1132 1751 1202 tempo·

167 1256 191 1293 „
213 1210 304 1282 ribus
323 1208 539 1283 slusiuantem
603 1231 622 1275 r
641 1226 700 1274 nos
722 1201 888 1271 serrorum
910 1199 1042 1271 suomm
1062 1198 1235 1285 minimum
1260 1196 1300 1269 ad
1322 1219 1458 1287 portum
1481 1198 1591 1272 salutis
1612 1224 1752 1271 nonno-

167 1342 192 1381 „
216 1296 288 1367 siris
309 1302 454 1378 meritis3
478 1296 534 1369 sed
570 1320 611 1366 ua
633 1292 755 1379 diriget
777 1291 927 1377 pietate.
958 1290 1009 1355 Ita
1031 1282 1123 1373 quod
1145 1282 1322 1357 vestrorum
1343 1334 1354 1370 ,
1375 1290 1409 1357 ic
1429 1286 1571 1361 aliorum
1595 1286 1751 1360 Ecclesiae

166 1432 191 1469 ‚,
211 1382 531 1473 praelatefidelium
552 1380 737 1454 ministerio
759 1374 929 1463 adjuvante
962 1370 1101 1459 fatigata
1123 1372 1316 1460 quiescent,
1338 1376 1505 1462 erigentur
1527 1374 1696 1467 collapsa,
1717 1380 1752 1444 δι

15 1440 19 1480 ³
107 1503 113 1511 ι
166 1475 249 1560 „sn
272 1476 340 1543 vias
361 1476 474 1565 planas
496 1472 607 1562 aspera
629 1482 881 1538 convertentur.
903 1461 981 1531 Nos
1005 1478 1114 1531 autem
1137 1458 1289 1529 universo
1311 1452 1440 1550 populo
1459 1462 1685 1547 Christiano,
1716 1464 1751 1531 δι

163 1608 191 1645 ,,
209 1560 391 1649 presertim
414 1554 534 1633 Italico
555 1564 745 1647 'guerrarum
779 1549 1020 1631 calamitatibus
1043 1544 1331 1651 diutiuslaeelhto
1350 1596 1365 1650 ,ι
1396 1569 1556 1637 quantum
1577 1554 1752 1640 permitte·

164 1696 192 1733 „
216 1666 271 1718 tur
295 1672 336 1718 err
359 1649 447 1731 alto,
469 1654 503 1717 ἃ
524 1644 682 1717 innobis
703 1643 795 1722 erit,
818 1639 1021 1709 intendemus
1043 1653 1123 1705 totrs
1147 1632 1271 1703 vrrrbus
1294 1656 1383 1723 pacrs
1406 1639 1597 1723 lenitatem,
1619 1648 1653 1709 δι
1675 1640 1749 1728 pul-

168 1780 193 1815 „
214 1734 414 1805 critudinem
448 1736 610 1820 elargiri.
644 1732 717 1801 llos
748 1745 858 1799 autem
888 1725 1002 1813 dilesti
1035 1719 1098 1809 filii
1119 1725 1154 1791 in
1176 1722 1390 1814 Communi,
1421 1730 1466 1815 ¹&
1498 1728 1533 1793 in
1557 1728 1749 1813 particulari

166 1864 190 1900 „
212 1837 288 1887 cum
311 1816 405 1890 firma
425 1812 546 1891 fiducia
570 1817 612 1891 acl
634 1841 693 1888 nos
715 1817 919 1899 recurratis,
950 1814 1028 1901 quia
1061 1802 1290 1895 intendimus,
1310 1828 1471 1899 quantum
1492 1835 1568 1900 cum
1590 1816 1664 1883 Deo
1685 1836 1749 1913 po.

163 1950 187 1987 „
209 1909 372 1989 terimus,
423 1905 575 1977 fidelitati
605 1904 720 1977 vestre
750 1902 896 1973 antidota
928 1896 1121 1991 reprendere
1162 1920 1204 1967 ex
1239 1896 1331 1969 sonte
1361 1899 1528 1971 uberrimo
1570 1904 1750 1987 gratiarum

164 2038 189 2075 „
210 2011 392 2073 emanata,
421 1996 491 2064 eius
523 1992 554 2061 se
575 1991 690 2062 he‘ntes
720 1990 884 2075 vestigia,
915 2006 1076 2076 quantum
1100 1986 1251 2089 ,humana
1281 1982 1444 2088 fragilitas
1466 1990 1590 2077 patitur
1615 2036 1627 2071 ,
1656 1990 1750 2061 euius

163 2126 189 2162 „
210 2076 289 2147 iicet
320 2080 503 2161 immeriti,
577 2082 752 2147 icariatum
786 2094 931 2144 tenemus
961 2076 997 2143 in
1029 2094 1153 2152 terrrs,
1185 2094 1245 2159 qur
1277 2076 1389 2161 rnquit
1409 2124 1422 2157 ,
1445 2075 1637 2164 centuplum
1661 2080 1748 2145 acci·

163 2213 188 2250 „
209 2162 310 2253 picris
328 2215 340 2250 ,
360 2167 421 2236 ita·
449 2162 540 2253 quod
561 2162 736 2253 jubilantes
769 2159 1046 2250 congratulemini
1067 2154 1208 2231 fideliter
1231 2156 1274 2227 src
1298 2155 1392 2246 egisse
1414 2168 1482 2245 ,ἀ
1505 2183 1542 2232 ut
1565 2164 1624 2231 alii
1644 2165 1686 2235 ad
1708 2161 1763 2258 fi„

164 2302 188 2337 „
209 2252 315 2326 delem
336 2252 552 2326 devociooem
574 2250 674 2323 fimili
697 2268 920 2340 provocentur
941 2246 1112 2336 extmplo.
1134 2246 1207 2315 Hec
1231 2248 1397 2319 miremini
1418 2298 1430 2331 ,
1451 2247 1543 2339 quod
1567 2250 1655 2321 bulla
1680 2272 1747 2321 non

164 2387 187 2423 „
211 2346 396 2430 exprimens
417 2362 538 2414 nomen
561 2340 707 2411 nostrum
730 2338 952 2427 praesentibus
972 2330 1203 2423 estappensa,
1226 2354 1299 2423 quae
1324 2353 1398 2407 ante
1423 2338 1661 2411 Coronationis
1682 2361 1751 2429 nof

163 2474 188 2511 ‚,
210 2428 282 2496 sitae
305 2428 462 2498 solemnia
484 2424 718 2499 transmittitur
738 2473 750 2508 ,
781 2448 858 2495 cum
880 2418 1122 2511 praedecessores
1144 2418 1247 2491 nostri
1269 2424 1304 2490 in
1326 2423 1495 2495 Romanos
1517 2425 1613 2495 eladi
1633 2430 1748 2495 Ponti·

165 2563 190 2598 „
210 2511 285 2585 fices
318 2514 562 2609 consueverint,
579 2515 614 2583 in
647 2509 827 2584 bullandis·
845 2511 949 2579 literis
984 2530 1060 2581 ante
1080 2506 1143 2580 suae
1167 2510 1417 2596 coronationis,
1439 2518 1473 2585 ὃς
1493 2510 1746 2587 consecrationis

165 2650 188 2685 „
210 2624 326 2673 munus
346 2598 483 2673 modum
504 2596 689 2687 hunsmodr
710 2596 900 2667 obseruare.
1101 2666 1104 2673 ,
1687 2616 1690 2621 ¹

251 2739 275 2773 „
296 2691 423 2761 Datum
445 2688 568 2758 randis
591 2688 632 2755 X.
654 2686 733 2756 Kal.
757 2684 918 2755 octobris
941 2683 1036 2772 1378.
1056 2678 1267 2757 Pontificatus
1289 2705 1374 2755 anno
1396 2686 1527 2775 primo.
1668 2770 1670 2777 y

251 2778 311 2846 IX.
334 2776 481 2847 Alterius
510 2778 637 2864 generis
665 2768 789 2844 vetusta
822 2790 1033 2860 monumenta
1068 2795 1086 2840 a
1117 2793 1169 2842 me
1201 2768 1344 2858 inspeeia
1367 2770 1440 2851 heic
1463 2772 1600 2862 subijcio
1623 2825 1634 2859 ,
1656 2784 1748 2846 mar-‘

164 2884 275 2935 morea
296 2885 414 2951 nempe
443 2860 628 2952 anaglypha
651 2910 664 2944 ,
698 2884 772 2949 quae
803 2862 841 2935 in
861 2862 1010 2951 principe
1032 2859 1158 2947 templo
1179 2855 1332 2931 exstant.
1355 2858 1433 2929 Duo
1454 2861 1745 2933 tantum-exhibe-

165 2950 239 3033 bo,
272 2974 349 3021 nam
379 2952 509 3038 antiqui
543 2949 768 3038 sarcophagi,
797 2950 832 3018 in
865 2971 932 3037 quo
965 2944 1075 3017 Pastor
1099 2948 1205 3017 bonus
1228 2942 1308 3017 scire
1329 2942 1451 3017 effictus
1473 2946 1516 3019 eli
1537 2998 1548 3031 ,
1570 2949 1710 3039 eeiypon
1738 3000 1749 3031 ,

162 3038 255 3122 quod
277 3038 401 3191 sperare
421 3056 474 3107 mc
505 3032 907 3125 jusseratnumaniffimus
926 3048 969 3107 D.
1013 3030 1198 3119 franciscus
1229 3035 1266 3102 de
1300 3033 1509 3121 Dirrajrrtis,
1534 3036 1679 3107 nondum
1702 3038 1745 3109 ad

160 3144 215 3189 me
237 3141 399 3211 peratum
420 3122 466 3191 est
491 3171 500 3192 .
533 3128 726 3193 Samiorum
759 3125 862 3209 igitur
884 3120 1069 3205 Florentii,
1115 3122 1341 3209 sociorumque
1375 3121 1562 3211 Martyrum
1593 3148 1672 3194 arcae
1697 3127 1743 3195 la·

160 3205 268 3295 pidtae
302 3208 464 3298 insculpta
486 3209 532 3281 est
571 3208 762 3299 anaglypho
804 3230 902 3297 opere
934 3211 1095 3279 venatio.
1139 3212 1179 3279 In
1212 3208 1434 3281 Ethnicorum
1464 3214 1599 3283 tumulis
1631 3212 1745 3281 Vena·

162 3297 270 3366 tiones
291 3295 340 3365 sae
405 3318 582 3370 occurrunt
602 3321 618 3382 ;
647 3296 863 3386 quamobrem
895 3300 1109 3386 putaverim,
1144 3320 1250 3369 arcam
1272 3297 1358 3367 hanc
1380 3297 1559 3371 Ethnicam
1582 3293 1642 3372 esse
1655 3351 1666 3384 ,
1689 3310 1740 3385 at-¹

185 3406 226 3454 ue
257 3380 299 3454 ad
354 3384 525 3457 austerum
557 3388 707 3459 cinerum
737 3382 983 3456 condendorum
1015 3383 1109 3457 usum
1129 3382 1222 3457 fuisse
1244 3383 1360 3457 deinde
1383 3390 1604 3459 translatam.
1637 3387 1743 3459 Chri-

158 3404 302 3543 iiianum
322 3470 401 3556 est,
433 3478 467 3542 dc
499 3474 669 3563 aliquanto
702 3470 862 3563 sequioris
893 3476 965 3543 aevi
996 3472 1221 3565 anaglyphum
1253 3474 1391 3544 alterum
1413 3474 1443 3545 la
1469 3475 1562 3560 idis,
1596 3500 1665 3567 quo
1687 3499 1741 3545 ea-

161 3554 238 3628 dem
271 3582 345 3629 arca
378 3558 575 3646 clauditur,
606 3564 763 3633 extimam
794 3579 921 3651 partem
943 3582 1135 3645 exornans,
1158 3585 1222 3651 qua
1246 3558 1390 3649 superius
1421 3497 1505 3635 iliud
1529 3586 1632 3655 nuper
1654 3566 1743 3634 indi-

160 3664 272 3717 catum
301 3649 480 3719 cernitur.
515 3649 616 3721 Vides
646 3652 682 3719 in
712 3670 754 3719 eo
785 3652 929 3738 primum
950 3644 1124 3729 i,sedentem
1154 3649 1324 3737 uesperam
1358 3649 1515 3739 Virginem
1557 3674 1633 3722 curn
1667 3674 1740 3739 par.

161 3734 244 3803 vulo
277 3732 353 3823 Jrsu
374 3785 385 3820 ,
408 3757 475 3806 non
498 3738 558 3808 illo
579 3760 702 3827 paucos
722 3734 791 3807 dies
811 3755 924 3817 nato,
957 3754 995 3805 ut
1016 3736 1081 3806 sert
1105 3738 1235 3823 vulgata
1258 3734 1426 3817 traditio,
1450 3736 1502 3809 sed
1527 3742 1604 3807 anni
1627 3736 1740 3808 saltem

160 3824 290 3904 unius,
322 3840 359 3892 nt
392 3825 428 3891 in
460 3824 532 3895 aliis
559 3824 747 3927 praesertim
779 3833 905 3893 Graeca
931 3822 1084 3894 Ecclesrae
1116 3824 1336 3895 monumentis
1369 3827 1542 3905 cernitur5
1574 3832 1674 3913 (qua
1698 3826 1741 3907 de

161 3930 196 3977 re
237 3909 350 3981 confer
394 3908 627 3985 florentinam
657 3914 693 3983 in
723 3907 895 3997 Martyrol.
935 3910 1117 3999 Hieronym.
1150 3916 1183 3979 δι
1216 3904 1467 3995 Paptbrochr‘um
1515 3914 1549 3981 in
1582 3912 1741 3998 ‘l'ropr'laeo

164 3996 272 4085 Mais)
283 4021 295 4079 3
318 4017 393 4071 tum
424 4008 539 4089 Magos
573 4022 705 4071 munera
727 3994 802 4088 Jesu
838 3990 1010 4067 offerentes
1035 4048 1043 4067 .
1073 3992 1147 4067 Hos
1179 3992 1325 4085 sequitur
1347 3994 1448 4081 Moses
1473 4022 1589 4087 aquam
1612 4020 1629 4067 e
1651 3996 1741 4071 filice

163 4082 322 4170 eliciem3
352 4092 430 4176 ‘Noe
465 4086 551 4161 hunc
586 4090 710 4177 excipit
742 4109 819 4157 cum
841 4085 1016 4156 columba.
1036 4084 1206 4157 Habemus
1229 4082 1345 4153 deinde
1367 4090 1485 4175 yonam
1506 4090 1540 4180 in
1564 4109 1651 4157 mare
1673 4090 1743 4177 pri'·

162 4194 254 4245 mum
284 4174 481 4263 dejestnm,
511 4194 584 4249 tum
615 4200 632 4245 e
665 4178 752 4245 coeti
797 4192 909 4271 ventre
940 4172 1194 4262 prodeuntem,
1227 4197 1262 4242 ac
1300 4168 1357 4240 sub
1380 4172 1497 4245 hedera
1520 4224 1529 4257 ,
1552 4176 1605 4273 seu
1628 4172 1650 4245 fi
1672 4200 1741 4247 ma·

162 4266 213 4333 vis
232 4312 244 4347 ‚
264 4264 435 4335 cucurbita
458 4262 744 4353 conquiescentem
764 4311 774 4331 .
806 4258 980 4352 Ejusmodi
1003 4260 1154 4348 symbola
1177 4310 1190 4344 ,
1224 4283 1260 4331 ac
1292 4258 1444 4347 mysteria
1477 4260 1616 4337 solemne
1637 4264 1742 4345 Chri·

162 4350 275 4421 stianis
295 4354 462 4423 veteribus
484 4350 550 4425 suit
562 4402 574 4437 ,
595 4350 660 4423 suis
680 4349 861 4440 insculpere
883 4348 1123 4441 sarcophagis,
1157 4372 1221 4439 qua
1242 4346 1283 4421 de
1306 4369 1340 4417 re
1362 4348 1493 4421 consule
1518 4346 1585 4435 ,fis
1596 4403 1608 4437 ,
1629 4361 1741 4423 ,Aren-

160 4434 296 4527 glrirrm,
316 4442 349 4506 dt
371 4442 550 4513 Bottrrr‘rcor
573 4444 607 4511 iu
630 4450 727 4529 Roma
749 4437 980 4509 subterranea.

249 4525 292 4595 X.
312 4524 490 4615 inscriptos
519 4532 579 4617 qui
612 4526 760 4599 Auximi
793 4526 865 4597 sunt
887 4575 899 4610 ,
927 4526 1080 4614 antiquos
1114 4522 1238 4617 lapides
1260 4548 1325 4597 non
1348 4524 1422 4599 heic
1445 4526 1592 4599 recenseo
1600 4550 1615 4611 ;
1635 4526 1676 4598 de
1699 4528 1742 4595 il-

161 4610 203 4679 lis
233 4615 322 4682 enim
358 4616 425 4685 alio
455 4618 492 4685 in
513 4640 610 4707 opere
632 4615 798 4707 agendum
818 4614 912 4687 erit.
944 4618 1069 4687 Paucos
1091 4612 1220 4703 aliquos
1242 4614 1354 4685 indico
1386 4617 1420 4687 in
1445 4610 1662 4689 dissertatione
1685 4612 1742 4683 sae-

161 4703 238 4865 hius
259 4705 361 4865 citgta
384 4754 399 4789 ,
426 4724 528 4795 quam
548 4707 694 4801 moral
717 4701 842 4793 habui,
863 4702 951 4789 Eam
975 4726 1029 4795 me
1050 4702 1123 4801 heic
1144 4708 1264 4795 iterum
1287 4703 1450 4785 editurum
1483 4707 1582 4779 initio
1601 4721 1707 4862 ιὸιῖξι
1731 4726 1744 4772 e

207 4812 260 4865 cm
295 4813 411 4867 reto.
