4025 5367
1649 190 1664 231 b

301 383 371 452 344
634 349 1433 429 excussurus-ramata

259 523 282 562 „
303 461 461 553 &averitr
485 469 694 574 imprudens.
716 467 748 570 [ιΙ
775 461 980 560 dispensandi
1015 469 1178 541 rationem
1208 468 1443 556 ignoraverit,
1474 483 1535 556 pto
1556 475 1644 568 'teret
1677 457 1836 546 dominus

260 561 645 737 „ficitrafffisstffi
660 556 828 717 efleidtlis
839 608 851 646 ,
871 556 1082 650 dispensator,
1101 560 1148 632 θ
1164 557 1328 645 prudens,
1352 577 1444 646 quent
1476 485 1641 636 conierere
1675 559 1834 634 Dominus

319 671 340 719 u
487 671 511 718 r·
575 717 578 726 ,
634 670 685 719 am
849 713 853 721 ,
1190 705 1193 712 t

258 699 284 738 ”
302 668 406 826 „pie
426 731 448 806 st
472 734 687 808 humanarum
710 736 819 826 legum
840 732 1091 828 dispensationes
1113 731 1278 807 subtiliter
1299 725 1504 806 confidetare
1537 731 1705 814 velimus,
1736 730 1833 815 inve·
1856 717 1858 722 ’

258 825 434 913 finiemus
456 821 540 896 forte
561 847 639 910 eas,
659 848 735 896 cum
756 827 865 902 redit,
887 830 922 895 δι
943 823 1119 914 prudenter
1141 819 1413 910 administrantur¹
1428 875 1441 910 ‚
1459 845 1538 892 'non
1563 821 1685 891 solvere
1716 819 1836 888 vincu-

261 958 287 999 ,‚
309 915 380 986 lum
402 913 503 1000 legis,
525 910 578 985 sed
601 915 713 1004 potius
735 935 776 984 tx
797 937 923 1002 aequo,
944 918 978 983 &
1000 911 1321 1002 bonointetpretari
1343 961 1355 996 ,
1388 914 1422 984 δι
1444 909 1607 1005 declarare
1643 905 1838 982 sententiam

261 1045 286 1085 η
306 1003 409 1090 legis,
432 1023 509 1072 cum
530 1006 634 1092 magis
655 1002 712 1072 illa
735 1001 905 1092 spedianda
928 999 995 1086 est,
1041 1001 1192 1083 uamejus
1213 1000 1333 1080 verba,
1353 996 1444 1102 quod
1465 994 1838 1071 unovelalteroexem-

262 1137 287 1174 „
310 1089 369 1181 plo
391 1085 598 1163 manifestum
619 1088 764 1162 faciam.
786 1097 857 1161 Lex
878 1089 925 1160 est
947 1090 1028 1178 Apo
1055 1090 1140 1161 ulica
1164 1092 1199 1159 in
1222 1087 1387 1160 Concilirs
1408 1084 1596 1178 frequenter
1618 1080 1804 1175 approbata
1826 1130 1837 1164 ,

263 1226 288 1267 „
308 1176 510 1272 prohibens,
530 1175 736 1269 Neopbieum
757 1177 879 1267 Episco
903 1201 960 1249 unt
981 1174 1073 1248 fieti.
1107 1173 1298 1266 Ambrofius
1319 1197 1395 1248 cum
1416 1170 1491 1247 esset
1513 1170 1706 1262 Neopbitus
1718 1221 1729 1257 ,
1750 1193 1841 1242 crea·
1887 1176 1892 1189 ’

265 1315 290 1355 ,,
313 1285 365 1340 tus
387 1265 432 1336 est
453 1265 666 1356 Episcopus.
697 1268 822 1340 Datum
845 1200 903 1337 eli
913 1263 949 1336 id
971 1269 1121 1338 Summae
1144 1262 1211 1353 ejus
1241 1264 1435 1347 sanititati,
1468 1269 1502 1334 lit
1523 1262 1694 1342 marinae
1714 1282 1729 1343 ,·
1762 1282 1842 1328 num

266 1405 292 1444 „
313 1357 450 1448 ptop'ria
473 1355 527 1424 lex
549 1355 655 1427 soluta
677 1353 724 1426 est
744 1354 760 1424 i
791 1355 961 1439 Minime,
994 1353 1049 1428 scd
1071 1355 1182 1446 potius
1201 1354 1391 1429 declarata,
1425 1375 1510 1424 ,uam
1542 1349 1666 1433 eausa,
1697 1367 1842 1504 propter

273 1495 298 1533 „
321 1467 423 1533 quam
446 1441 637 1533 Neopbitus
657 1441 803 1515 ordinari
825 1441 1045 1536 prohibetur,
1066 1467 1102 1514 ea
1125 1439 1192 1524 est,
1215 1465 1255 1512 ne
1277 1443 1311 1514 in
1325 1437 1509 1530 superbiam
1531 1438 1636 1510 elatus
1656 1441 1693 1508 in
1718 1457 1757 1525 pu
1782 1435 1844 1522 ici-

268 1575 293 1617 „
315 1553 370 1604 um
391 1530 514 1632 incidat
534 1527 687 1603 Diaboli.
710 1532 823 1617 Quare
845 1555 921 1604 turn
943 1531 1062 1602 electus
1084 1530 1129 1602 eli
1151 1532 1203 1601 sir
1225 1529 1349 1602 lansius
1369 1575 1381 1612 ,
1402 1533 1435 1600 δι
1449 1527 1605 1611 humilis,
1629 1527 1847 1620 atquepmni5

263 1665 289 1707 „
310 1643 369 1717 unt
389 1616 515 1708 judicio
536 1619 716 1710 probatus,
737 1645 804 1692 non
825 1621 930 1691 soluta
953 1617 1000 1689 est
1023 1621 1157 1710 propria
1180 1619 1259 1702 lex,
1280 1616 1333 1690 sed
1356 1616 1501 1707 exposita
1524 1620 1558 1693 δι
1580 1615 1746 1694 cortesis,
1769 1635 1846 1684 cum

265 1723 288 1796 ,‚·
310 1708 368 1792 id,
387 1706 477 1796 quod
500 1709 720 1780 communiter
743 1707 949 1802 prohibitum
960 1726 1029 1778 etat
1041 1755 1052 1790 ‚
1074 1712 1289 1796 nonjaequurn
1311 1705 1377 1780 fuit
1399 1707 1434 1776 in
1444 1705 1560 1794 aliquo
1569 1689 1703 1776 bomine
1713 1701 1849 1780 serrati,

266 1847 291 1886 „
312 1792 370 1884 ribi
392 1797 482 1868 euim
504 1795 595 1883 causa
617 1817 678 1868 non
699 1793 806 1868 haeret
829 1805 903 1881 (ut
924 1795 965 1868 de
988 1795 1027 1866 se.
1042 1791 1131 1867 ident
1152 1791 1452 1883 Ambrofiusdicit
1472 1797 1488 1878 )
1510 1793 1635 1874 tritium
1656 1813 1717 1862 eron
1738 1791 1850 1876 impu-'

266 1938 291 1974 „
311 1900 421 1955 ratur.
443 1885 527 1954 Item
547 1885 696 1975 rigamus
716 1885 865 1956 ordinari
887 1881 1103 1974 prohibetur,
1133 1881 1222 1970 quod
1244 1883 1416 1956 statutum
1430 1881 1476 1955 est
1497 1900 1630 1971 propter
1651 1879 1850 1969 opinionem

267 2025 292 2066 ‚,
313 1972 606 2064 intemperantiae,
626 1972 762 2062 damilti
773 1974 938 2065 bigamum
947 1970 1281 2057 continentisfimuur,
1308 1969 1851 2058 eundenvuunoptinumuec-

269 2115 292 2151 „
315 2058 417 2152 clefiae
429 2061 713 2146 utilisbmummou
721 2061 865 2135 solvetur
877 2063 967 2154 (meo
976 2059 1111 2153 quidem
1125 2057 1414 2148 judicio)lex,sris
1422 2059 1644 2133 ordinabitur.
1654 2053 1716 2128 Sed
1728 2053 1767 2126 de
1778 2078 1848 2123 ver·

239 2197 243 2213 ·
266 2203 292 2242 „
314 2149 360 2221 bo
371 2173 438 2220 non
448 2147 703 2237 contendamus,
725 2175 801 2224 nam
810 2151 874 2222 five
896 2151 1150 2240 interpretatio,
1171 2147 1235 2218 live
1246 2150 1406 2223 relaxatio
1427 2143 1565 2220 dicenda
1578 2141 1637 2228 snt,
1661 2141 1840 2216 hoctamen

268 2292 293 2328 „
314 2238 442 2310 conslat
451 2241 758 2330 interpretationem
770 2239 859 2311 idem
878 2241 915 2308 in
937 2239 1008 2325 lege
1019 2235 1159 2307 humana
1182 2237 1307 2322 valere,
1329 2236 1420 2328 quod
1442 2237 1530 2306 valet
1552 2234 1731 2318 relaxatio,
1751 2227 1846 2301 vide·

274 2325 582 2416 „1icet‚cumad
612 2331 795 2417 camelique
817 2329 945 2416 gravis,
966 2329 1001 2394 δι
1022 2320 1193 2396 necessaria
1215 2325 1308 2400 caub
1330 2322 1478 2398 accedit.
1542 2369 1554 2390 .

312 2413 467 2500 „Potest
499 2435 609 2486 tamen
630 2412 829 2507 dispensator
861 2417 896 2487 in
918 2415 989 2500 lege
1012 2410 1186 2498 humana,
1216 2437 1349 2486 cumea
1372 2412 1438 2501 ejus
1460 2407 1660 2486 authoritate
1692 2411 1817 2484 nitatur
1842 2456 1854 2492 ,

231 2558 234 2569 .
274 2555 298 2594 ‚,
321 2503 471 2591 alioquin
493 2503 600 2576 laxius
622 2503 783 2575 moderati
805 2501 1060 2594 dispensationes
1075 2551 1089 2586 ,
1107 2523 1209 2592 neque
1233 2503 1323 2577 adeo.
1337 2501 1378 2575 ad
1401 2507 1514 2576 virum
1534 2499 1675 2572 resecare
1709 2494 1819 2572 causas
1842 2545 1854 2580 ,

273 2645 299 2682 „
319 2614 423 2682 neque
446 2591 556 2663 causas
579 2593 765 2680 requirere,
790 2616 867 2664 cum
890 2588 1074 2662 ratificandi
1095 2591 1189 2664 locus
1211 2587 1252 2662 stt
1273 2589 1565 2682 supplicantibus,
1587 2591 1622 2658 in
1645 2591 1685 2659 iis
1708 2583 1852 2678 praeser-

272 2733 296 2770 „
318 2683 405 2766 tim,
428 2701 513 2768 quae
535 2679 691 2769 publicae
711 2681 872 2764 utilitati,
895 2685 927 2750 δι
950 2680 1049 2750 bonis
1072 2679 1220 2752 moribus
1241 2701 1308 2752 nou
1327 2678 1557 2752 adversantun-
1582 2680 1621 2748 In
1644 2678 1714 2766 lege
1738 2694 1849 2748 autern

272 2820 297 2859 „
319 2768 432 2841 divina
454 2768 699 2859 interpretanda
721 2767 856 2841 nonest
881 2769 971 2842 loeus
993 2769 1159 2840 voluntati
1182 2767 1269 2840 ullus
1293 2819 1304 2850 ,
1335 2768 1388 2840 sed
1421 2771 1532 2844 omnia
1567 2765 1693 2856 semper
1728 2764 1855 2851 agenda

273 2910 300 2954 „
321 2856 396 2929 sunt
417 2858 454 2927 in
475 2857 651 2942 Consilio,
673 2861 800 2930 tatione
812 2907 823 2941 ,
846 2856 964 2940 causa,
986 2878 1090 2944 neque
1138 2855 1291 2947 uicquam
1312 2860 1454 2928 omnino
1476 2853 1696 2932 movendum,
1719 2849 1779 2922 nist
1800 2877 1861 2923 co-

276 2997 303 3036 „
325 2965 381 3034 gat
403 2943 586 3028 necesitas,
607 2948 754 3029 utilitas,
778 2945 949 3026 honestas,
971 2961 1107 3031 propter
1154 2968 1187 3016 as
1208 2947 1319 3024 enim,
1342 2965 1440 3036 atque
1463 2941 1649 3034 hujusmodi
1672 2941 1781 3013 causas
1803 2942 1861 3009 lex

277 3083 301 3120 „
324 3037 438 3108 divina
460 3057 612 3118 morum,
634 3053 731 3123 atque
753 3032 920 3102 astianum
953 3031 1156 3104 moderatrix
1177 3034 1330 3124 alioquin
1356 3035 1474 3110 iocum
1498 3034 1656 3120 relinquit
1690 3031 1856 3119 iuterpre-

197 3197 203 3208 ,
272 3172 295 3209 ,,
319 3123 521 3204 rationibus,
542 3119 813 3209 exceptionibus,
833 3117 1116 3204 sorreuionibus,
1136 3143 1218 3212 quas
1239 3144 1307 3196 non
1329 3125 1402 3208 lex,
1424 3119 1478 3199 sed
1500 3122 1549 3201 rei
1572 3137 1759 3210 praeceptae
1794 3139 1857 3186 na·
1909 3153 1915 3156 -

273 3257 300 3296 „
318 3227 415 3293 tnta,
438 3206 633 3280 neceffimdo
652 3207 800 3282 inducit.
1513 3285 1517 3290 ,

271 3325 277 3334 ·
318 3341 344 3382 „
364 3297 423 3369 Est
445 3300 545 3370 etiam
569 3295 912 3381 animaduertendum,
933 3294 1024 3390 quod
1045 3301 1226 3396 preceptio
1236 3303 1375 3374 Domini
1389 3295 1541 3380 accedens
1562 3299 1624 3381 iis,
1645 3316 1727 3385 quae
1750 3291 1859 3380 perti.

275 3431 300 3474 „
323 3403 403 3458 nent
424 3383 467 3458 ad
489 3409 613 3467 mores,
634 3392 668 3459 δι
692 3387 847 3459 humanas
869 3389 1032 3472 adiuuet,
1055 3413 1123 3460 nou
1146 3389 1237 3462 tollit
1258 3391 1487 3464 conditionem
1508 3395 1541 3460 δι
1564 3403 1715 3472 naturam
1748 3401 1856 3450 mota-

277 3523 301 3560 „
324 3475 365 3544 lis
381 3477 564 3559 materiae,
583 3474 640 3565 ‚sed
662 3499 734 3548 tam
756 3478 915 3566 relinquit
937 3501 979 3547 eo
1000 3476 1084 3550 statu
1110 3529 1119 3560 ‚
1141 3501 1210 3564 quo
1234 3477 1288 3553 sua
1308 3479 1423 3569 sponte
1445 3529 1455 3562 ‚
1475 3484 1507 3549 δι
1543 3494 1658 3547 natura
1691 3465 1820 3542 constat
1843 3514 1856 3552 ,

274 3611 300 3650 „
323 3566 431 3651 gratio
454 3566 542 3634 enirn
564 3587 637 3634 nou
652 3563 790 3637 delituit
812 3584 989 3648 naturam,
1013 3565 1066 3636 sed
1090 3563 1240 3671 perficit.
1329 3641 1331 3646 ,

319 3699 343 3737 „
365 3654 532 3722 Praeterea
544 3652 754 3733 „considerate
774 3679 797 3724 ο
845 3673 943 3734 rtet,
979 3655 1071 3743 quod
1095 3674 1231 3744 propter
1255 3653 1431 3728 hominum
1461 3649 1678 3746 cupiditatem
1714 3641 1859 3717 molestis

278 3754 302 3829 ‘„
324 3738 481 3847 precibus
503 3739 702 3814 Pontificum
724 3743 795 3814 auri
822 3765 859 3814 us
882 3741 1167 3830 obstrepentium,
1191 3745 1427 3834 prolixamque·
1445 3744 1580 3815 illorum
1592 3741 1627 3811 in
1651 3731 1864 3822 concedendo

275 3875 301 3916 „
323 3828 567 3917 indulgentiam
588 3831 681 3922 saepe
702 3851 839 3903 ntsmero
852 3855 881 3901 a
905 3829 1124 3902 Pontificibus
1146 3855 1246 3921 quarn
1284 3835 1426 3922 plurima
1449 3833 1571 3902 collata
1604 3828 1731 3905 suntin
1768 3822 1866 3892 unius

278 3967 305 4003 „
326 3918 497 4075 personam
521 3918 713 3992 Sacerdotis
732 3925 753 4003 ,'
775 3943 858 4007 quae
881 3938 991 3990 tamen
1014 3919 1052 3987 in·
1074 3919 1154 3989 soro
1172 3919 1393 3997 :contentioso
1428 3921 1602 3992 militantis
1622 3907 1772 3988 Ecclefiae
1807 3931 1866 3977 va-

277 4053 303 4093 „
339 4004 558 4078 idacensenda
583 4009 676 4091 sunt,
699 4032 776 4079 cum
790 4007 833 4078 ab
846 4031 886 4077 eo
904 4005 1051 4094 profesta
1073 4005 1161 4090 sint,
1183 4011 1242 4097 qui
1256 4011 1460 4096 Superiorem
1483 4013 1518 4078 in
1531 4010 1644 4078 Terris
1666 3995 1867 4088 nonhabet.

325 4141 349 4178 „
371 4094 470 4164 Unde
493 4097 529 4162 in
553 4096 615 4166 lrac
638 4098 825 4185 frequentia
850 4092 1158 4178 dispensationum,
1174 4119 1252 4169 cum
1275 4100 1439 4169 orirentur
1459 4098 1611 4185 quotidie
1647 4093 1721 4161 lites
1746 4139 1755 4172 ,
1787 4107 1871 4155 con-

278 4229 302 4266 „
324 4177 520 4261 troversiae,
540 4180 774 4272 difficultates,
864 4181 967 4254 tlfices
989 4183 1097 4255 coatia·
1121 4185 1194 4256 fiant
1217 4185 1358 4257 condere
1380 4189 1534 4258 Canones
1554 4207 1569 4268 ,·
1597 4183 1717 4270 quibus
1755 4169 1871 4246 difini-

279 4317 301 4354 „
324 4287 419 4365 tent,
441 4273 475 4337 ἃ
498 4267 697 4352 statuerunt,
719 4206 862 4362 quifqn
883 4273 1124 4358 emergentibus
1146 4268 1427 4358 difficultatibus,
1461 4267 1796 4364 &perplexitatibus
1829 4259 1870 4332 de

277 4405 301 4444 „
322 4378 392 4444 pute
413 4353 487 4424 fieti
510 4355 650 4430 debeat.
673 4361 786 4448 Quare
805 4357 967 4447 iudicium
977 4357 1019 4432 de
1029 4359 1352 4451 dispensationibus,
1371 4363 1462 4452 quod
1473 4366 1583 4436 licitae
1595 4357 1675 4444 sant,
1697 4361 1730 4426 δι
1755 4349 1873 4431 redcat,

278 4494 302 4532 ,‚
324 4443 377 4514 vel
400 4445 512 4528 secus,
533 4445 665 4520 aliunde
687 4448 866 4538 petendum
889 4449 958 4525 eli.
981 4471 1047 4520 non
1072 4475 1089 4519 a
1111 4453 1328 4534 Catonibus,
1351 4454 1411 4540 qui
1434 4453 1584 4542 alioquin
1609 4448 1810 4538 disponunt,
1833 4443 1867 4507 δι

275 4577 302 4622 ·„
323 4529 469 4604 statuunt
488 4527 531 4604 de-
552 4546 608 4620 ri,
628 4561 729 4627 quam
750 4539 786 4607 in
808 4535 867 4610 usu
889 4534 1030 4625 positam
1053 4539 1225 4609 inveniunt
1247 4590 1258 4624 ‚
1293 4561 1426 4628 eamque
1459 4541 1493 4608 in
1528 4540 1585 4610 sua
1614 4558 1737 4609 natura
1770 4529 1886 4602 relin··

225 4637 228 4642 ’
280 4669 302 4704 .‚
325 4640 455 4714 quum,
478 4623 605 4694 nullum
626 4622 787 4714 judicium
809 4624 849 4696 de
870 4647 907 4694 ea
931 4622 1069 4696 serentes
1086 4675 1097 4709 ,
1115 4621 1175 4698 nii
1199 4646 1358 4714 quatenus
1381 4649 1452 4702 eam
1476 4629 1666 4714 legitimam
1700 4613 1834 4696 censent
1858 4667 1869 4699 ‚

279 4714 359 4796 „in
383 4705 460 4782 foro
482 4713 693 4786 contentioso
705 4711 779 4809 ,οά
802 4735 885 4802 quos
907 4709 956 4801 jus
976 4719 1171 4787 canonicum
1190 4713 1396 4788 immediatae
1419 4712 1598 4804 dirigitur.
1809 4792 1816 4805 ‚

215 4809 219 4816 '
327 4849 351 4886 „
373 4799 427 4870 lix
448 4799 512 4873 lroc
533 4798 702 4902 sequitur,
722 4823 818 4889 ruta,
838 4824 911 4892 quae
936 4803 972 4876 in
991 4803 1035 4872 iis
1054 4801 1276 4891 dijudicandis
1309 4803 1473 4904 versantur
1496 4854 1507 4890 ,
1542 4826 1583 4875 ex
1607 4793 1766 4892 hypotest
1793 4819 1876 4955 ssruta

1366 4921 1372 4940 ·
1727 4908 1832 4972 „ee
