4025 5367
321 365 388 451 366
695 347 1493 429 Exct'nsusl.1rrrtrirtrr

273 508 296 544 ‚,
317 461 370 529 vel
391 459 565 546 consensu,
587 463 679 553 quod
700 460 840 536 castrum
855 459 965 549 serent
983 461 1123 532 ulterius
1147 457 1362 532 rediiieetur.
1388 459 1577 560 laudamus·
1595 479 1704 534 autem
1723 465 1756 534 &
1777 485 1853 554 pre-

275 598 296 630 ‚‚
318 550 444 635 cimus,
465 549 557 638 quod
577 561 663 624 Gerra
684 575 761 624 cum
783 550 939 622 omnibus
959 547 1037 620 filiis
1055 547 1183 638 jurene,
1203 549 1296 638 quod
1327 546 1468 620 castrum
1494 544 1615 638 srosme
1649 571 1705 623 aut
1727 551 1853 624 medie-

273 656 420 718 „tatem
442 639 539 710 castri
562 635 713 728 eiuslini,
734 664 835 729 quam
858 636 1031 796 Episcopus
1052 637 1205 739 coneedit
1228 641 1299 720 eis,
1323 637 1373 707 vei
1397 657 1524 724 purtem
1556 661 1672 740 eorum
1705 639 1788 711 nulli
1811 665 1852 711 o-

272 774 295 816 υ
317 729 432 797 mnino
455 725 628 802 hominum
648 729 692 801 ad
714 727 872 802 datnnum
894 733 965 797 Vm
981 729 1104 797 terrani
1125 723 1333 814 Episcopatus
1364 723 1522 807 dabunt,
1556 731 1590 794 &
1613 729 1635 794 lr
1658 725 1782 799 fastum
1804 729 1851 802 est

272 861 295 897 „
319 813 502 904 infringerit
522 867 530 886 .
563 817 801 890 Laudamus&
824 818 1053 910 precipimus,
1087 819 1124 886 dt
1150 813 1316 903 llpinerius
1338 837 1414 886 eum
1438 813 1591 902 omnibus
1624 811 1702 886 filiis
1725 813 1790 886 suis
1809 823 1848 887 fit

272 951 298 986 „
322 899 423 974 frater
454 902 522 994 ejus
547 905 728 994 Meleparre
746 904 890 994 iurent,
918 903 1012 994 quod
1045 903 1131 974 hunc
1155 925 1269 992 pacem
1302 900 1440 972 firmiter
1464 903 1653 973 retinebunt
1678 952 1688 985 ,
1720 909 1753 972 lle
1774 929 1843 977 non

268 1039 292 1074 ,‚
313 1010 408 1064 erunt
431 997 465 1062 in
488 991 646 1078 consilio,
669 995 721 1066 rel
743 993 852 1077 facin,
874 991 964 1082 quod
989 989 1176 1080 frangitur.
1200 991 1245 1060 Et
1269 987 1292 1060 sr
1319 988 1421 1063 frusta
1445 988 1545 1063 fuerit
1569 1041 1579 1076 ‚
1612 1014 1679 1062 non
1711 989 1845 1080 adjuta·

268 1078 398 1162 „bunt
421 1091 538 1152 Gentem
562 1105 664 1174 neque
689 1083 773 1152 iiiios
795 1081 885 1163 eus,
909 1103 1013 1170 neque
1036 1077 1184 1160 hsmines
1206 1101 1321 1150 eorum
1346 1102 1449 1168 neque
1473 1101 1528 1177 per
1551 1077 1754 1167 personam,
1786 1105 1842 1154 ne-

268 1212 291 1248 „
312 1192 376 1256 que
399 1191 458 1258 per
479 1172 576 1240 abere
596 1189 711 1242 eontra
734 1175 807 1241 Vm
823 1179 983 1239 terrarium
1009 1165 1224 1255 Episcopum,
1247 1171 1277 1238 Sc
1303 1166 1451 1241 homines
1473 1190 1565 1254 eJus,
1586 1172 1621 1240 &
1640 1171 1686 1237 eis
1709 1189 1846 1261 propter

266 1301 291 1340 „
314 1257 377 1326 huc
400 1255 521 1328 facient
544 1281 693 1346 guerram
719 1308 727 1340 ‚
759 1265 791 1327 δι
814 1257 935 1328 facient
955 1255 1172 1328 VVulrerrarre
1195 1251 1329 1346 Ecclcfie
1351 1258 1385 1324 in
1409 1257 1527 1346 pignus
1555 1305 1564 1338 ,
1596 1253 1761 1344 quidquid
1783 1259 1847 1330 ha·

265 1343 406 1426 „betur
428 1349 463 1415 iu
487 1344 612 1431 lucens
635 1345 842 1436 Episcopatu,
865 1345 1014 1417 fimiliter
1036 1342 1143 1430 jurent
1166 1347 1264 1416 ambo
1285 1342 1348 1416 filii
1382 1339 1550 1432 Gualsredi
1581 1346 1777 1433 moriger,
1807 1352 1849 1419 δι’

264 1479 289 1514 ,,
312 1429 486 1523 liedulfus,
506 1441 540 1503 δι
562 1432 625 1507 filii
648 1441 782 1516 eorum,
806 1435 987 1506 &dubunt
1011 1435 1206 1506 Lamiarum
1231 1436 1264 1504 in
1288 1435 1427 1524 pignore
1450 1430 1664 1502 VVulrtrrane
1686 1432 1844 1524 Ecclcfic,

266 1568 289 1604 „
311 1525 401 1610 quud
425 1524 471 1593 ita
504 1521 662 1594 obferunt
685 1522 823 1614 pretim
855 1526 1024 1599 comites.
1052 1523 1216 1594 Similiter
1239 1519 1406 1592 litidumus
1429 1570 1438 1604 ,
1458 1523 1492 1590 δι
1517 1521 1715 1676 precipimus
1736 1521 1843 1610 iurare

264 1657 288 1692 ‚,
310 1609 513 1682 lumbarium
533 1635 689 1700 generum
712 1613 841 1702 Ugolini
860 1611 923 1682 filii
946 1612 1120 1693 cuidonis,
1142 1615 1175 1680 δι
1197 1610 1291 1680 dabit
1316 1613 1350 1678 in
1373 1611 1511 1698 pignore
1536 1611 1606 1677 We
1624 1625 1745 1681 terrane
1777 1621 1843 1682 Ec-

264 1745 288 1780 „
308 1695 397 1786 clefir
417 1698 581 1803 quidquid
606 1700 706 1772 lubet
729 1705 765 1770 in
789 1722 903 1772 munte
926 1697 1064 1770 Eucheri
1077 1754 1083 1766 .
1107 1701 1266 1775 Similiter
1290 1697 1479 1778 laudamus,
1502 1699 1535 1763 δι
1559 1700 1757 1786 precipimus
1777 1749 1786 1780 ,
1808 1721 1847 1772 ut

269 1834 291 1869 ‚,
313 1785 378 1858 hoc
399 1786 487 1860 idem
510 1810 617 1874 rurent
639 1809 703 1870 tres
724 1787 786 1859 lilii
812 1789 981 1878 hugonis,
1004 1789 1083 1858 Pilii
1111 1785 1260 1869 Tedici,
1289 1791 1323 1854 ilc
1347 1783 1410 1858 filii
1433 1785 1565 1860 Gerarcli
1584 1788 1740 1872 comitis,
1761 1789 1797 1859 &
1820 1785 1847 1860 st

266 1887 289 1958 ,’,
313 1872 452 1963 predicti
473 1873 535 1948 filii
568 1876 729 1966 Hugolini
749 1927 761 1961 ,
781 1875 844 1947 iiiii
868 1876 1026 1947 unionis
1049 1876 1091 1946 ub
1112 1875 1160 1946 eis
1186 1877 1540 1966 poterunt‘impeerare
1559 1919 1569 1940 ,.
1594 1872 1784 1948 Laudamus
1811 1883 1846 1952 δι

264 2009 288 2044 ,,
312 1966 532 2054 precipimus,
556 1985 592 2037 ut
613 1964 680 2038 hoc
703 1964 792 2036 idem
814 1964 920 2055 iurent
951 1963 1108 2053 sigolinus
1128 1967 1174 2034 (r
1205 1965 1338 2034 cencius
1370 1964 1407 2032 de
1421 1961 1573 2046 scema,
1608 1965 1789 2042 tancredus
1810 1969 1849 2038 cie

261 2103 283 2136 „
305 2053 460 2134 suriano,
485 2055 639 2125 Belledirc
664 2076 810 2144 parentes
833 2055 880 2124 l'ni
902 2053 943 2122 cle
960 2053 1173 2142 gangclandi,
1198 2049 1369 2150 Reiecirins
1388 2048 1478 2124 filius
1500 2047 1629 2138 ilgolirti
1651 2100 1662 2133 ,
1683 2041 1747 2123 lilii
1797 2057 1846 2124 ci-

260 2190 285 2222 „
306 2140 395 2210 naldi
406 2192 415 2218 ‚
437 2142 498 2212 filii
522 2137 741 2232 imdolsim&
763 2142 826 2216 filii
850 2138 963 2216 oerrhi
979 2143 1022 2211 de
1045 2137 1239 2223 Mirairiolo,
1261 2138 1414 2226 Bupclius
1437 2144 1480 2208 ti*
1514 2136 1675 2226 intimas
1706 2142 1745 2214 de
1793 2167 1847 2215 or·

261 2279 286 2316 „
310 2229 379 2297 cule
402 2236 434 2300 &
457 2230 746 2310 omnes-obsides.
770 2229 844 2318 lioso
862 2232 904 2304 dt
926 2237 1044 2305 Sancto
1064 2229 1250 2298 cruciniano
1269 2223 1356 2320 juret
1377 2225 1441 2298 hoc
1466 2225 1553 2298 idem
1576 2231 1641 2310 ,δι
1671 2226 1786 2302 suetan
1807 2235 1844 2304 in

263 2367 286 2402 ,‚
310 2321 426 2405 pignus
449 2317 666 2388 Wrclrerrarro
688 2316 859 2409 Episcopo,
880 2313 1044 2408 quidquid
1066 2309 1167 2388 habet
1189 2319 1224 2386 iu
1249 2337 1340 2388 curte
1362 2315 1472 2386 Sarrilr'
1494 2317 1674 2388 Geminiani
1692 2359 1704 2382 s
1727 2319 1762 2390 si
1784 2345 1843 2394 au-

247 2431 285 2487 ·„
311 2426 400 2485 tem,
422 2405 512 2494 quud
536 2403 640 2486 abiit,
663 2431 774 2496 pacem
795 2407 883 2478 lunc
900 2455 911 2489 ,
931 2407 964 2474 &
987 2404 1168 2494 juramenta
1188 2406 1280 2476 melo
1302 2401 1410 2476 lludio
1434 2429 1491 2474 vos
1514 2403 1565 2478 uel
1589 2402 1724 2478 heredes
1746 2407 1841 2482 vestri

262 2541 285 2574 ,,
309 2491 458 2578 Episcopo
479 2491 512 2562 &
535 2493 763 2570 sneeeiiormns
786 2499 854 2569 eius
877 2491 1060 2582 fregeritis,
1082 2495 1127 2564 ita
1150 2486 1240 2583 quod
1263 2491 1439 2566 secundum
1463 2485 1710 2581 inscriptum
1732 2519 1751 2570 c
1781 2521 1839 2570 vn-

259 2625 282 2664 ,
308 2580 358 2648 bis
380 2577 520 2653 fracium
542 2581 602 2653 iile
623 2583 718 2674 polit
739 2583 936 2666 monstrari,
956 2606 1017 2664 ea,
1041 2605 1105 2673 que
1139 2581 1234 2652 vobis
1256 2577 1468 2674 encressmtio
1502 2577 1652 2670 Episcopo
1686 2604 1745 2675 pm
1773 2584 1835 2656 hae

260 2719 283 2751 „
308 2691 387 2756 pree
409 2667 555 2744 concella
580 2670 676 2758 lunt,
698 2671 834 2756 adius,
857 2669 1100 2752 &dominium
1123 2668 1338 2746 Wrclrcrrcne
1359 2667 1495 2759 Ecclefic
1518 2670 1655 2754 libere,
1687 2679 1718 2744 ἃ
1749 2673 1835 2746 inte-

272 2791 275 2803 ·
329 2780 362 2825 re
386 2758 599 2832 reducantur.
625 2764 832 2846 Laudamus,
852 2780 952 2852 ,etque
973 2762 1196 2850 precipimus,
1214 2777 1254 2828 ut
1277 2759 1417 2839 omnia,
1448 2780 1511 2846 que
1542 2757 1689 2848 superius
1718 2760 1838 2850 scripta

391 2898 400 2930 ‚
448 2845 521 2939 sque
544 2847 584 2922 ad
598 2853 783 2940 proximam
804 2851 917 2920 beatae
941 2843 1325 2938 Mariael’urtsicationis
1341 2843 1552 2918 festivitatem
1574 2852 1710 2921 comites
1734 2849 1842 2924 aditn-

257 2984 281 3022 „
304 2935 435 3024 pleant,
458 2935 517 3008 nisi
540 2937 687 3026 Episcopi
706 2939 840 3010 licentia
865 2956 1051 3008 remanent.
1076 2932 1160 3006 neta
1186 2933 1316 3006 suntin
1339 2935 1442 3022 Curia
1464 2934 1577 3022 Pisani
1587 2935 1841 3028 Archicpiscopi,

258 3072 282 3110 „
306 3023 448 3110 presente
480 3032 515 3095 δε
547 3026 679 3104 iubente
712 3025 826 3098 dunno
846 3027 937 3110 l’cp‘a
958 3025 1136 3093 innocentio
1170 3046 1283 3094 coram
1308 3015 1529 3124 'multitudine
1561 3024 1837 3114 Episcoporum‚

256 3161 280 3196 „
304 3111 559 3196 cardinalium,
580 3115 814 3198 clericorum,
836 3138 873 3184 ac
897 3112 1078 3183 Nobilium
1103 3115 1248 3182 virorum
1270 3106 1460 3196 vesanorum
1482 3161 1492 3196 ,
1524 3109 1757 3202 Jattcrertfilrm,
1789 3119 1836 3187 &³

256 3248 279 3283 ‚‚
301 3197 536 3288 Prslorienfitcm
557 3201 763 3284 Coniulum,
784 3207 816 3272 &
841 3203 981 3273 aliorum
1005 3200 1149 3288 plurium
1173 3197 1348 3272 illustrium
1371 3202 1520 3282 virorum
1542 3251 1554 3286 ,
1589 3204 1695 3280 Anno
1715 3203 1840 3276 Domi.

256 3336 278 3370 „
305 3290 377 3356 nice
400 3291 640 3364 incarnationis
660 3289 895 3366 MCXXXIV.
920 3287 1104 3361 indiffione
1130 3289 1186 3358 XI.
1498 3295 1502 3302 '

301 3425 324 3456 „
346 3369 383 3444 ln
407 3375 555 3449 Nomine
578 3382 718 3451 Domini
745 3381 870 3454 Amen.
892 3378 968 3448 Nos
993 3373 1158 3457 Hubtrcrrs
1180 3371 1317 3462 Pisanus
1338 3376 1611 3472 Archieprscopccc
1631 3427 1643 3463 ,
1666 3389 1758 3470 lingo
1778 3381 1840 3452 Vi-

254 3511 282 3546 „
300 3483 467 3550 ercomes,
501 3473 536 3537 &
555 3475 676 3538 Petrus
698 3466 881 3564 Allizonis
904 3466 963 3544 sub
986 3468 1227 3546 sacrementis,
1261 3490 1343 3555 quae
1378 3467 1475 3540 nubis
1499 3467 1647 3544 fecerunt
1681 3467 1839 3544 ‘homines

252 3602 275 3639 ,ι
298 3551 509 3624 VVulrrrrani
532 3556 750 3647 Episcopatus
784 3579 845 3648 pro
880 3580 959 3646 pace
996 3551 1205 3627 reformanda
1237 3555 1323 3624 inter
1356 3556 1620 3642 crescentium,
1661 3562 1692 3626 &
1719 3557 1838 3627 vtul-

255 3692 280 3724 ,‚
303 3659 467 3713 termnum
494 3645 712 3735 Episcopum,
742 3652 774 3716 &
814 3655 932 3715 cenem
965 3666 1102 3714 uxorem
1125 3639 1240 3734 Ugcnis
1265 3639 1326 3710 filii
1351 3646 1534 3731 cuidonis,
1562 3655 1593 3716 it
1619 3661 1732 3718 omnes
1753 3642 1840 3716 filios

254 3781 277 3813 ,‚
300 3731 368 3800 eius
379 3779 390 3814 ,
415 3734 584 3811 Guidonem
609 3733 753 3807 scilicet.
774 3735 965 3814 Trinium,
986 3740 1159 3830 Pepontrn,
1180 3735 1213 3800 δι
1238 3739 1427 3802 Monacum.
1451 3733 1657 3814 Laudemus,
1673 3739 1713 3804 lle
1732 3738 1839 3840 preci-

249 3843 272 3904 ‘’‘
293 3817 757 3998 illlpllalliillai
777 3821 1083 3981 tmi‘itlr'lllit
1098 3821 1836 4000 ‘iglllmaltl‘l‘inlelligit?

511 3986 515 3994 ,
1006 3961 1013 3976 ⁴
1102 3977 1104 3984 ,
1248 3958 1259 3992 2
1816 3950 1836 3974 ι

246 3957 271 4079 :i
291 3998 335 4062 tis
355 3991 437 4063 filiis
455 3994 529 4085 ejus
553 4049 564 4084 ,
597 4005 628 4069 δι
654 3999 809 4073 omnibus
840 3996 1034 4068 hominibus
1049 4021 1170 4079 ¹eorum
1185 3999 1234 4071 .de
1256 4001 1412 4072 omnibus
1440 3997 1635 4074 'homicidiis
1648 3997 1837 4093 ,·rapinis‚

244 4131 268 4170 ,‚
291 4079 484 4168 incendiis,
519 4081 677 4172 damnis,
700 4089 751 4159 vel
770 4079 1032 4169 offensionibus,
1047 4093 1259 4177 quecumque
1283 4097 1313 4158 U
1332 4087 1438 4159 elimes
1463 4090 1510 4158 vel
1530 4111 1618 4160 uxor
1642 4106 1708 4168 erus
1731 4131 1740 4165 ,
1773 4109 1832 4158 eut

246 4220 271 4256 ,‚
292 4163 356 4238 filii
374 4165 445 4259 ejus
461 4195 523 4331 per
543 4180 597 4263 se,
620 4179 671 4248 vel
691 4199 754 4270 per
770 4173 926 4257 ‚homines
945 4173 1026 4248 suns
1046 4172 1215 4264 Episcopo,
1237 4176 1288 4246 vel
1308 4111 1504 4253 fluminibus
1524 4171 1742 4248 Woltcrrcne
1774 4185 1834 4244 Ec.

471 4285 506 4332 er

248 4281 271 4346 ,’,
294 4251 364 4345 lese
382 4260 457 4334 intu
507 4283 566 4336 unt
589 4316 598 4335 .
629 4262 815 4336 Laudamus
837 4267 959 4348 etiam,
981 4267 1015 4334 &
1039 4267 1258 4354 precipimus,
1273 4283 1317 4338 ut
1334 4263 1478 4340 ,callrnm
1500 4257 1623 4350 Frosne
1637 4283 1720 4332 eum
1738 4265 1833 4336 Cur-

247 4395 273 4434 „
295 4363 327 4413 te
357 4343 438 4424 filiis
457 4358 491 4424 :U
510 4351 590 4424 clini
618 4353 783 4441 perditius
819 4353 992 4446 Episcopus
1016 4355 1050 4424 in
1074 4349 1211 4425 lendum
1234 4353 1362 4436 tribuat
1385 4401 1395 4422 .
1420 4353 1585 4423 Similiter
1618 4351 1830 4428 medietatem

236 4475 270 4521 c„
292 4435 403 4506 Callri
427 4373 580 4526 e'lrcsiiri,
605 4446 639 4508 δι
662 4441 781 4532 Burgi,
805 4462 940 4536 excepte
962 4461 1054 4514 turre
1078 4465 1155 4512 cum
1177 4445 1370 4516 antemurali
1391 4441 1452 4512 iuo
1473 4437 1563 4514 facto
1582 4440 1636 4512 trel
1664 4437 1830 4526 faciendo,

244 4574 267 4610 ‚‚
288 4523 335 4594 ita
354 4543 465 4604 tamen
483 4576 498 4612 ‚
518 4525 610 4617 quod
633 4530 684 4598 illi
706 4581 717 4614 ,
740 4531 789 4600 rel
815 4529 905 4603 heres
927 4554 1041 4601 eorum
1064 4529 1188 4600 nullam
1212 4535 1313 4614 aliam
1330 4549 1487 4610 currem,
1519 4548 1576 4602 aut
1608 4533 1830 4606 munitionem

240 4639 265 4700 ,3
286 4610 412 4689 ibidem
430 4613 642 4699 rumimunt,
664 4642 764 4710 quem
782 4637 910 4698 ,turrem
932 4642 1008 4689 eum
1032 4621 1225 4690 antemurali
1253 4620 1316 4696 suo
1334 4613 1427 4693 frelo
1446 4667 1459 4702 ,
1478 4617 1533 4689 ’cel
1556 4617 1709 4693 iaciendo
1731 4669 1744 4696 .
1765 4623 1827 4692 Li-

246 4753 268 4788 „
292 4701 368 4773 bere
390 4706 426 4773 in
449 4703 641 4794 potestatem
664 4706 832 4799 Episcopi,
853 4711 887 4777 &
910 4704 1043 4778 suorum
1067 4704 1243 4778 hominum
1262 4726 1431 4778 remanere
1461 4711 1662 4800 precipimus
1692 4714 1727 4780 ic
1759 4731 1830 4783 mo·

246 4841 270 4878 „
291 4789 447 4866 dietatem
468 4795 584 4882 placiti
607 4797 711 4891 totips
729 4797 850 4870 Curris
872 4791 1015 4889 predicti
1037 4789 1147 4866 Castri
1175 4791 1315 4882 Elrcslini
1325 4841 1335 4880 ,
1357 4799 1500 4888 exeeptis
1522 4796 1685 4958 donicetils
1704 4801 1778 4961 a&
1792 4831 1830 4877 a.

1680 4907 1787 4981 ons,
