4025 5367
318 303 385 392 284
573 319 608 342 '·
667 281 1009 378 Ex'cuasms
1053 301 1466 374 Ltu'rnrtartrr

273 459 301 500 „
313 409 532 500 sciolitatem·
554 405 727 483 Utu't'est-
746 411 905 482 recrearit
925 417 977 480 uic
998 411 1176 484 mirum'in
1201 407 1339 484 modum
1358 399 1418 482 ill'a
1440 405 1625 483 voluntatis
1643 427 1720 498 erga
1729 425 1865 502 metuo

274 551 302 586 „
326 496 521 587 fignificetio
542 518 611 570 tam
631 497 783 572 illustris.
807 501 858 568 De
879 500 1049 571 Oratione
1072 521 1145 572 mea
1162 498 1228 570 tibi
1247 522 1335 572 curae
1356 495 1439 582 esse,
1460 493 1610 586 gaudeo.
1634 497 1761 568 Verum
1785 520 1858 568 erm

272 637 304 674 .,,
328 598 377 657 Μ.
398 589 567 657 Antonius
589 587 639 679 (1)
662 585 992 669 curfcommodans,
1019 585 1182 668 abstulit,
1202 587 1302 678 credo
1322 637 1332 670 ,
1358 586 1488 673 seeum,
1509 600 1546 656 ιιι
1566 581 1632 656 tibi
1644 583 1815 670 redderet,
1837 587 1860 656 a'

272 724 303 758 „
325 697 396 763 quo
428 692 624 764 acceperat.
658 675 749 746 Nam
771 696 835 762 ego
855 675 987 746 aberam
1011 675 1034 757 ,'
1053 677 1107 746 cui
1139 695 1250 746 autem
1279 675 1448 764 reliquerit
1469 723 1481 759 ,
1503 673 1666 758 neminem
1699 673 1861 774 invenio,

267 812 300 846 „
319 781 397 834 cunt
420 782 568 845 caetera,
585 785 659 852 quae
683 787 702 834 a
722 785 774 834 me
800 761 945 834 babebat
958 762 1169 858 ,diligenter
1190 759 1247 835 bie
1270 761 1312 833 ad
1334 785 1445 848 meum
1467 757 1646 850 adventurn
1661 755 1857 854 ,alemanna

270 853 445 935 „curarit
467 902 476 919 .
509 849 599 921 Meis
619 872 726 922 tamen
756 851 982 933 eoniesiuris,
1019 873 1092 940 quae
1115 872 1167 920 me
1189 867 1258 923 tam
1287 847 1370 940 saepe
1401 849 1549 934 fallunt,
1571 871 1638 920 non
1660 845 1735 920 satis
1757 846 1860 940 eonsi-¹

125 1005 129 1013 .
159 971 166 980 ·
266 987 299 1024 „
318 936 387 1008 do·
410 933 486 1006 Nili
510 958 658 1010 maturus
675 943 739 1011 eric
757 937 1052 1010 futurusredditus
1075 953 1171 1021 tuus,
1192 959 1293 1027 quem
1312 937 1519 1010 vehementer
1540 935 1750 1042 opto,·quid
1770 941 1860 1008 acei-

268 1034 299 1110 ',‚
320 1024 430 1108 derit,
451 1027 576 1111 velim,
597 1048 651 1098 me
673 1030 939 1118 quamprimum
957 1025 1061 1104 iacias
1080 1028 1284 1100 certionem·
1305 1025 1370 1096 Nae
1393 1027 1451 1122 ille
1472 1021 1494 1096 li
1518 1023 1601 1116 qurd
1622 1019 1857 1110 sciensrnnos,
1895 1091 1903 1108 ,

144 1156 149 1166 ·
271 1162 299 1198 „
320 1135 387 1182 non
410 1115 545 1204 impune
564 1112 677 1186 seret.
710 1112 852 1184 Gabricsi
895 1109 1008 1186 nostro
1044 1116 1137 1204 plura
1159 1111 1296 1185 scribere
1325 1136 1391 1184 non
1414 1107 1570 1206 polium.
1592 1110 1722 1210 Urgent
1753 1113 1858 1184 multa

273 1249 298 1284 ‚,
320 1197 486 1304 undique,
508 1204 601 1274 utin
622 1226 691 1292 quo
713 1226 765 1273 nre
788 1220 899 1274 totum
916 1221 1116 1292 occupatum
1143 1197 1202 1271 else
1222 1201 1422 1292 oportebat,
1431 1199 1536 1356 fund
1557 1193 1616 1270 lim
1628 1202 1732 1304 prima
1745 1197 1857 1304 schola

273 1337 299 1373 ‚,
321 1285 468 1360 driiurus
489 1291 531 1359 de
553 1310 594 1362 eo
613 1287 760 1362 nondum
779 1289 865 1360 milti
888 1291 1022 1360 licuerit
1041 1287 1408 1380 quidquam'cogitare.
1465 1285 1616 1378 uquaeso
1639 1287 1766 1360 honuni
1794 1309 1862 1378 pro

271 1424 296 1463 ‚‚
317 1397 369 1444 me
382 1372 581 1462 satisfacito,
602 1381 655 1448 eui
681 1375 805 1447 etiamfi
848 1376 1026 1468 etspesium
1049 1373 1111 1448 else
1135 1399 1201 1448 non
1221 1373 1344 1448 dubito
1353 1378 1498 1446 animum
1509 1397 1638 1454 meunt,
1661 1393 1861 1446 tamencum

270 1510 297 1546 „
318 1465 418 1533 etiam
439 1483 509 1534 ate
532 1399 874 1539 verberomrrtvosd.
899 1465 999 1536 Vale.
1021 1474 1063 1536 Ῥ.
1080 1464 1255 1554 llefftrm,
1277 1466 1361 1534 &1²
1369 1463 1611 1548 Emeriurrr,(2)
1623 1461 1699 1532 siad
1714 1483 1772 1533 vos
1783 1459 1859 1532 for·

271 1596 299 1638 ‚‚
316 1551 837 1715 ιιιιιῑιιιιιιιιι
850 1551 1110 1714 suetus
1131 1547 1626 1712 slr‘ttrrlrlurr
1647 1546 1860 1726 ιιιιιι

272 1680 487 1821 χῬιιίιραι,
510 1661 550 1798 g&
572 1666 809 1804 exseruisset.
828 1664 989 1801 nabrielis
1014 1663 1163 1800 inte’llsuxi
1174 1778 1186 1813 ,
1205 1749 1280 1812 eum
1298 1687 1732 1818 aliquantomliusv'alere.
1755 1725 1859 1814 Spero

266 1853 296 1895 ,ι
315 1829 493 1905 utrumque
509 1814 636 1888 salvum
661 1817 701 1889 ad
721 1839 781 1890 nos
799 1817 892 1888 brevi
911 1812 970 1886 effe
989 1835 1182 1892 venturum.
1206 1818 1351 1898 lterum,
1377 1834 1473 1904 atque
1491 1815 1612 1908 iterum
1636 1813 1730 1894 vale,
1755 1821 1860 1901 nequ'e

267 1940 298 1985 n
319 1919 382 1988 pro
401 1925 453 1972 me
474 1904 588 1977 Deum
603 1901 771 1994 deprecari
789 1907 1012 1980 intermittas:
1035 1914 1140 1998 Reme
1160 1890 1259 1974 XIV.
1279 1903 1353 1976 Cal
1377 1900 1546 1980 Nouemb·
1561 1901 1623 1973 M.
1642 1903 1688 1974 D.
1712 1901 1859 2012 Lm·

1027 2081 1113 2150 111.

587 2285 593 2292 -
637 2227 986 2337 perlustrantium
1006 2251 1195 2326 mnarum
1216 2244 1351 2338 cruores
1374 2255 1489 2329 aratri
1515 2321 1518 2328 .

815 2410 819 2415 .
919 2337 981 2425 suo
1004 2337 1162 2432 Carrffimo
1184 2348 1218 2414 S.
1297 2369 1303 2382 ·
1445 2345 1449 2352 ’

269 2590 277 2607 ,
358 2507 383 2584 '22
403 2501 505 2574 Hune
565 2509 673 2585 imum
691 2509 834 2602 suscipio
861 2513 1011 2586 laborem
1033 2513 1103 2586 tibi·
1121 2511 1324 2590 rescribcndi
1375 2539 1455 2610 rope
1477 2543 1495 2591 a
1517 2536 1628 2593 morte
1648 2523 1856 2587 revocatus:

266 2634 298 2673 ι,
317 2587 409 2660 Nam
431 2589 485 2660 He
533 2597 649 2671 omade
672 2598 857 2690 superiore,
878 2625 946 2691 quo
964 2603 1019 2676 die
1036 2603 1211 2676 statueram
1228 2539 1418 2698 respondere
1440 2606 1754 2698 binislitterisrpis,
1774 2608 1855 2690 qui?

268 2725 294 2758 ν
316 2697 524 2784 acceperam
546 2705 679 2777 repente
700 2712 751 2758 me
773 2691 869 2760 ilium
890 2687 989 2761 dolor
1010 2691 1205 2777 vehemens,
1226 2697 1259 2762 δι
1280 2695 1393 2768 urinae
1416 2693 1614 2781 difficultas,
1635 2701 1668 2769 δι
1691 2677 1852 2762 Stomacln

267 2810 293 2848 „
314 2761 485 2868 drllolutro
516 2789 582 2844 tres
610 2777 765 2865 capitales
787 2775 894 2850 hostes
916 2800 973 2849 nec
1005 2785 1198 2870 opinantem
1223 2801 1318 2870 pene
1341 2778 1586 2874 oppresserunt.
1609 2781 1703 2871 Ejeci
1725 2787 1851 2847 tantam

266 2898 293 2935 „
314 2873 383 2922 vrm
405 2871 484 2924 atrae
508 2859 611 2945 bilis,
635 2883 791 2954 quantam
814 2861 944 2934 fortasse
967 2885 1004 2936 ιιι
1027 2889 1095 2940 non
1117 2868 1250 2950 credes,
1271 2874 1332 2962 qni
1354 2893 1407 2944 me
1429 2893 1610 2960 numquam
1638 2887 1675 2942 ιιι
1707 2865 1851 2937 arbitror

256 2981 293 3025 a,
313 2957 522 3038 μιλιηολέι
541 2948 750 3023 existimasti.
773 2954 844 3022 Ero
866 2951 1019 3040 deinceps
1041 2953 1128 3027 sorte
1150 2953 1291 3026 hilarior
1313 3008 1324 3040 ,
1358 2983 1460 3048 quam
1493 2959 1659 3032 nonnullis
1681 2952 1817 3024 videbar
1845 2990 1860 3026 ,

268 3075 293 3112 2>
314 3041 373 3125 qui
396 3039 518 3125 pellem
551 3039 652 3136 illam
679 3039 910 3134 evouuerim,
940 3039 1001 3110 nili
1024 3065 1089 3130 qua
1111 3039 1207 3130 pellis
1228 3047 1363 3130 gravior
1384 3045 1568 3120 successerit
1599 3049 1636 3116 in
1658 3041 1776 3134 prioris
1798 3035 1854 3104 lo-

265 3159 291 3199 s,
313 3145 409 3194 eum.
433 3123 566 3195 Tertius
587 3139 652 3214 jam
675 3127 744 3197 dics
765 3125 832 3210 est,
854 3149 930 3199 cum
952 3125 1141 3218 solidiorem
1164 3131 1276 3208 cibum
1302 3182 1313 3217 ,
1336 3132 1369 3205 bc
1391 3158 1507 3228 capere
1529 3186 1541 3223 ,
1563 3141 1595 3206 δι
1619 3133 1754 3205 retinere
1776 3143 1855 3194 coe-

266 3247 291 3286 „
311 3231 372 3366 p:
396 3209 489 3309 Nam
511 3215 659 3302 quinque
682 3213 903 3303 superioribus
926 3213 1042 3288 diebus
1065 3241 1154 3292 tanta
1179 3225 1421 3298 incontinentia
1445 3225 1514 3296 cibi
1536 3221 1712 3304 laboravi,
1732 3231 1771 3288 ιιι
1790 3212 1857 3283 mi-

266 3332 292 3373 s,
341 3299 349 3314 '
372 3299 528 3402 ipsunon
546 3305 661 3388 tyroni
684 3353 696 3386 ,
717 3324 823 3392 neque
848 3300 965 3374 barum
985 3329 1096 3378 rerum
1117 3307 1191 3396 rudi
1216 3361 1231 3396 ,
1262 3313 1388 3390 mirum
1408 3311 1502 3386 valde
1524 3309 1690 3383 videretur
1716 3333 1726 3375 e
1750 3319 1855 3394 quare

261 3421 291 3461 a,
310 3406 381 3456 non
402 3387 586 3472 mirabere,
607 3387 635 3459 sr
656 3389 788 3462 brevior
804 3414 867 3475 ,ero
889 3441 900 3474 ‚
922 3415 1022 3481 quam
1043 3399 1181 3484 opttbrt
1204 3413 1344 3489 uterque
1366 3401 1513 3476 nostrum
1536 3455 1545 3477 .
1566 3401 1616 3470 De
1640 3395 1762 3466 litteris
1786 3390 1851 3459 tuis

262 3509 291 3547 υ
313 3474 386 3542 noli
415 3471 571 3548 dubitare
607 3529 617 3548 .
662 3481 790 3550 Omnes
811 3477 896 3553 mihi
934 3477 1112 3554 fidelissime
1146 3481 1283 3558 reddita
1304 3491 1439 3562 suerunt
1463 3514 1478 3575 ‚·
1500 3485 1553 3574 sed
1577 3509 1662 3578 quas
1683 3479 1768 3555 mihi
1791 3493 1851 3568 per

264 3596 290 3636 a»
311 3561 440 3658 Patrem
463 3567 663 3639 caeruleum
683 3562 958 3652 commendabas,
978 3565 1019 3637 de
1040 3571 1084 3640 iis
1103 3571 1188 3647 illud
1212 3570 1277 3647 se'ci
1289 3625 1300 3658 ,
1324 3578 1414 3666 quod
1437 3575 1585 3672 teipsum
1597 3575 1759 3646 faciurum
1772 3563 1855 3636 suif-

252 3671 289 3752 ιι
306 3643 339 3717 se
355 3647 491 3753 ριιάἰάἰ-
504 3702 516 3736 ,
545 3651 571 3721 si
594 3652 741 3737 adesses.
764 3655 825 3727 Illa
858 3677 964 3744 greca
985 3657 1023 3726 in
1045 3651 1162 3732 nolitis
1185 3661 1358 3736 codicibus
1374 3665 1522 3758 ¹reperire
1544 3690 1611 3738 non
1636 3663 1745 3750 potui·
1768 3654 1850 3722 8⁰⁰1

258 3777 286 3819 „
304 3748 400 3808 eorm
420 3742 545 3896 opinor
566 3765 585 3812 a
608 3737 719 3823 vestris
741 3743 838 3832 longe
860 3739 1001 3829 diverfi.
1025 3747 1129 3824 Index
1153 3773 1266 3826 autem
1287 3753 1407 3826 salsum
1429 3779 1492 3848 pro
1516 3735 1848 3826 veronumerumha-

257 3824 368 3908 ,bet
389 3825 429 3897 ad
444 3830 493 3896 cri
518 3845 605 3903 tum.
629 3836 670 3898 P.
694 3827 830 3901 clarius
851 3832 888 3900 in
911 3852 974 3915 eo,
995 3837 1086 3924 quod
1108 3829 1280 3929 postulas,
1308 3843 1467 3916 remiffior
1489 3842 1664 3916 &lentior
1686 3826 1771 3929 mibi
1794 3826 1849 3892 vi-

255 3913 358 3998 „sus
380 3913 469 3988 esis
523 3939 659 4004 ‚quam
677 3935 735 3990 tua
755 3913 858 3990 caussa
881 3921 1017 4006 vellem.
1042 3923 1181 4000 Insiabo
1200 3950 1310 4001 tamen
1354 3937 1387 4002 δι
1410 3933 1557 4020 urgebo,
1577 3925 1651 3998 deni
1677 3941 1717 3988 ue
1731 3911 1848 3984 stamu-

257 4003 387 4086 „labo
411 4001 603 4106 hominem,
624 4025 684 4078 nec
705 4006 933 4095 conquiescere
953 4013 1082 4098 patiar,
1106 4015 1167 4088 nifi
1190 4041 1224 4088 re
1245 4018 1410 4104 peresio.
1432 4021 1584 4090 Omnino
1605 3941 1782 4081 tardiorem
1799 4001 1847 4072 il.

257 4130 284 4171 ι,
306 4090 377 4160 lum
398 4086 503 4175 secrt,
550 4090 618 4165 uod
641 4095 844 4166 inanimum
866 4094 1023 4183 induxit,
1046 4102 1104 4172 illa
1127 4102 1224 4174 robis
1246 4109 1397 4190 cantica,
1444 4095 1683 4179 erasia'sabula
1709 4143 1719 4177 ι
1741 4091 1852 4164 neces·

254 4113 590 4260 ,fsrriononedez
612 4178 705 4338 puts
727 4202 793 4253 aut.
808 4201 900 4255 extra
922 4183 1050 4256 scenam
1074 4191 1304 4264 vobis.canere
1327 4216 1395 4264 non
1418 4130 1515 4268 liceat
1535 4239 1548 4274 ,
1569 4204 1626 4258 aut
1651 4185 1771 4254 amicis
1795 4183 1852 4252 ni·

630 4289 678 4353 ιι,

257 4303 283 4353 ‚,
304 4260 354 4336 hil
378 4263 597 4340 tribuendum
701 4267 763 4340 nili
784 4267 851 4341 stne
872 4296 942 4364 quo
964 4277 1069 4348 vitam
1101 4282 1186 4353 tueri
1208 4301 1275 4351 non
1296 4280 1414 4369 pollint
1437 4275 1630 4354 ,cornelius
1653 4293 1847 4436 curatufum

1714 4379 1718 4386 '
1784 4385 1801 4438 e

276 4725 298 4860 l
328 4795 339 4864 ι
