4025 5367
391 232 511 325 nnn
541 224 1018 322 maritumos
1051 226 1109 317 11.
1139 220 1493 337 bruscum.
1588 256 1681 361 κῃ
1812 312 1817 325 ,
1865 220 1870 231 ’

180 368 224 427 ut
240 352 398 431 spoletan
421 348 532 436 JESU
556 372 612 419 me
633 352 825 420 addicerem
848 349 1000 433 (Patavii
1025 352 1116 419 enim
1139 351 1174 417 io
1199 351 1381 422 Academia
1403 350 1629 433 Philosophia
1650 356 1744 421 dens:

43 467 44 504 i
183 460 319 522 operam
339 442 477 522 jamque
498 452 598 503 antea
619 435 677 505 iis,
698 435 733 501 dr
756 435 830 503 aliie
851 434 965 503 sludiis
987 433 1109 503 Romae
1122 435 1603 516 quadrienninmdemoratur,
1638 456 1734 503 mun·

180 525 216 591 di
239 523 392 603 laqueos,
414 540 516 602 atque
538 516 679 585 haereses
700 517 787 587 ferre
810 540 874 585 non
899 518 1073 600 poteram)
1096 518 1219 586 sallum
1241 518 1304 589 eil,
1337 536 1381 587 ut
1404 520 1437 584 in
1477 516 1645 599 subalpina
1681 521 1730 587 ire

40 589 44 670 l
180 626 337 688 cogerer,
360 606 403 673 ad
425 604 644 685 explicanda,
667 622 738 681 que
759 622 814 669 me
835 605 972 685 negocia
996 603 1197 681 manebant,
1219 598 1396 679 videlieet,
1418 618 1455 669 ut
1477 600 1732 677 nudurnudum

180 691 336 769 sequerer
356 688 550 755 Christum:
574 684 794 753 sacerdotium
816 686 907 753 enirn
928 684 1013 753 mihi
1037 686 1076 751 ab
1100 683 1246 751 Hercule
1269 684 1371 751 Card.
1392 683 1579 767 Gonzaga,
1600 685 1730 766 eo,qui
1807 739 1809 745 ,

177 772 337 851 deinceps
357 770 496 855 Synodo
517 766 731 837 Tridentino
754 768 908 853 praeluit,
931 769 1066 851 ejusque
1087 766 1216 835 Fratrit
1237 766 1276 833 F.
1298 766 1463 847 dilatum,
1485 766 1571 851 quod
1594 787 1612 835 a
1636 764 1732 851 Rege

38 884 45 925 r
178 852 363 922 Catholicn
384 855 624 928 obtinuerant,
646 853 773 920 necesse
793 871 884 925 erat,
903 868 941 919 ut
962 853 1059 920 alteri
1082 851 1260 921 cederem,
1284 872 1303 935 q
1330 852 1339 915 i
1361 868 1403 919 eo
1425 870 1563 919 munere
1595 852 1729 933 person·

179 939 213 1030 gi
237 938 343 1035 posset
365 937 400 1003 in
423 933 574 1031 Domino
592 936 607 1015 s
625 956 637 1000 t
652 935 685 1014 l.
708 936 743 1031 ¹⁸.
761 936 918 1017 quoniam
930 953 1013 1030 ‚erat
1034 933 1168 1003 Foliaoi
1176 980 1187 1011 ,
1210 953 1281 1028 quo
1303 936 1330 999 (.
1371 934 1434 1032 itan
1456 933 1497 1001 ad
1520 932 1738 1029 [immanue-¹

180 1023 221 1085 lis
242 1021 407 1088 drtronem
438 1038 504 1100 tam
535 1019 639 1085 ltbere
661 1019 865 1100 pertinebat,
887 1039 980 1101 cutus
1001 1017 1128 1087 assensu
1151 1020 1268 1085 redltur
1289 1016 1406 1083 confici
1432 1036 1470 1083 ne
1519 1036 1608 1084 crum
1632 1036 1727 1101 pote·

38 1116 42 1124 ·
179 1102 375 1182 rat,iussue
413 1099 641 1180 aMaiotibut
663 1100 814 1169 Niceten
836 1102 878 1171 ad
899 1102 997 1169 illum
1018 1098 1150 1182 appuli,
1180 1099 1236 1181 qui
1259 1116 1389 1166 mecum
1410 1098 1453 1166 de
1490 1100 1540 1167 uir
1564 1101 1727 1167 rebutbe·

137 1177 140 1184 ’
179 1186 392 1266 nignisstme,
414 1205 453 1254 ae
474 1182 613 1252 fidenter
634 1186 850 1265 colloquens,
870 1184 905 1254 dt
928 1202 1090 1261 narrant,
1134 1180 1190 1249 uid
1213 1182 1248 1248 in
1272 1180 1339 1251 rita
1360 1199 1439 1248 anre
1464 1183 1532 1250 asia
1552 1184 1636 1265 apud
1662 1183 1725 1251 Ca·

177 1269 291 1335 telum
315 1266 362 1337 V.
382 1266 470 1345 lmp.
494 1267 550 1333 sibi
571 1268 783 1347 contigisset,
806 1269 1041 1349 adiecit‚quae
1065 1270 1098 1332 in
1156 1262 1368 1331 ormaticenst
1390 1265 1432 1331 de
1453 1263 1635 1348 Religiooe
1657 1268 1727 1333 col·
1795 1276 1824 1293 ““

175 1349 291 1431 loquio
314 1350 404 1419 inter
424 1351 643 1429 catholicoe,
665 1354 699 1417 dt
723 1349 948 1419 Proteslanrer
973 1352 1110 1433 presens
1135 1368 1201 1415 non
1224 1349 1325 1413 semel
1349 1347 1518 1417 audierat:
1550 1370 1631 1416 mox
1653 1370 1727 1432 quae

31 1460 40 1525 ‚3
177 1432 214 1498 in
234 1431 379 1514 Belgio,
402 1434 456 1502 ubi
480 1434 646 1505 summum
670 1433 703 1501 in
725 1432 873 1517 Philippi
899 1434 1035 1503 secundi
1057 1430 1225 1499 Catholici
1258 1428 1361 1511 Regu
1393 1430 1507 1514 copias
1540 1432 1725 1517 imperium

34 1546 38 1555 ·
174 1518 337 1585 nonime
369 1516 513 1587 ridoriir
534 1533 693 1585 exercens
712 1516 965 1592 observaverat,
999 1537 1113 1597 queve
1143 1513 1417 1592 deliberaverat,
1458 1534 1538 1585 cum
1579 1517 1725 1597 primum

30 1601 33 1615 ’
176 1618 267 1678 pax,
289 1601 331 1671 de
353 1621 417 1683 qua
439 1601 562 1669 diuum
584 1597 849 1677 esl,coiit.Ea
870 1599 1070 1667 deliberatio
1093 1596 1230 1675 suerat,
1265 1614 1319 1663 ut·
1354 1594 1593 1679 oslquamlibi
1619 1596 1728 1669 'Deus

30 1689 31 1696 ’
177 1701 357 1773 paternam
378 1683 543 1751 ditionem
566 1680 780 1762 restituebat,
798 1683 833 1750 ei
856 1692 987 1777 qnoque
1008 1680 1175 1749 Emanuel
1199 1616 1352 1776 ipsenred
1490 1766 1497 1778 ι

174 1765 236 1829 diu
259 1766 367 1841 bello,
389 1766 424 1835 dc
447 1766 561 1833 laaress
584 1769 620 1835 in
641 1766 793 1835 universa
823 1764 985 1834 Sabaudta
1012 1811 1023 1845 ,
1055 1764 1089 1831 dc
1122 1763 1299 1844 subalpinis
1320 1778 1459 1831 eatenus
1491 1765 1636 1845 radiate,
1668 1767 1734 1832 vite·

175 1844 304 1913 Christi
328 1850 481 1931 spiritum
503 1850 687 1919 docebant.
709 1848 881 1939 Quoniam
903 1868 979 1916 tero
1000 1846 1151 1916 audierat
1178 1844 1418 1915 Convellensee
1459 1845 1608 1914 subditos
1650 1848 1725 1914 suot

27 1908 33 1951 ²
138 1992 146 2007 ,
171 1948 244 1995 non
268 1930 373 1998 solum
397 1953 461 2001 utta
482 1954 558 1999 cum
580 1932 788 2004 calvinianir
810 1932 846 1999 in
866 1932 979 1999 Gallia
998 1924 1109 1997 moliri
1133 1929 1316 2006 tumultus,
1339 1930 1393 2009 qui
1415 1928 1649 1999 deliberationi
1659 1930 1724 1999 suar

172 2010 307 2079 obicem
332 2030 447 2097 parere
470 2036 642 2099 poterant,
666 2032 769 2099 atque
788 2016 875 2083 adeo
896 2014 1055 2083 Nobilem
1079 2011 1190 2083 Vallis
1216 2009 1476 2081 ranuiManini
1505 2012 1642 2084 Ducem
1675 2018 1726 2084 in·

172 2095 364 2187 terfeciffe,
383 2120 462 2164 cum
482 2102 588 2167 etiarn
611 2100 702 2166 Galli
723 2098 911 2167 calviniani
934 2094 1101 2166 Valentio
1123 2096 1158 2165 in
1179 2092 1390 2188 Delphinum
1410 2092 1644 2167 Gondrinium
1671 2117 1724 2166 re·

24 2187 27 2272 f
168 2192 269 2251 grum
290 2178 407 2243 Caroli
431 2183 509 2245 noni
530 2181 634 2261 Regis
656 2180 856 2248 Profectum
879 2180 987 2259 pollea
1009 2178 1245 2258 trucidalienr,
1269 2198 1323 2246 me
1343 2178 1452 2258 tussit,
1475 2180 1721 2261 explicato,de

170 2279 237 2335 qno
263 2257 402 2325 adeum
426 2278 607 2337 verteram,
631 2262 794 2341 negocio,
817 2264 934 2341 preire
955 2264 990 2325 io
1012 2262 1218 2341 subalpina,
1249 2259 1392 2343 indeque
1423 2262 1464 2329 ad
1487 2260 1724 2333 Contallensce
1790 2332 1794 2357 ‚

171 2344 231 2405 sno
256 2341 391 2407 nomine
414 2340 599 2424 proficisci.
620 2340 674 2409 Sic
694 2340 784 2409 datia
805 2341 845 2408 ad
870 2339 1037 2409 Reconisii
1060 2341 1248 2409 Dominum
1272 2342 1415 2415 litteris,
1437 2347 1471 2409 in
1494 2347 1585 2425 cuius
1616 2346 1722 2414 elien·

170 2424 242 2490 tela
264 2425 491 2504 quadantenus
513 2441 632 2500 erent,
653 2423 737 2503 'pullu
761 2424 845 2489 mibi
868 2426 910 2491 ad
932 2445 989 2492 eor
1023 2443 1178 2507 pacatum
1203 2425 1329 2491 adituro
1365 2444 1479 2492 curere
1499 2448 1520 2497 ε,
1553 2429 1640 2509 quod
1682 2430 1725 2497 de*

165 2506 272 2573 lecit.
293 2506 397 2584 Dies,
418 2508 454 2571 dt
476 2510 567 2571 locus
589 2505 755 2586 colloquio
775 2505 916 2573 indislus
937 2506 985 2575 est
1005 2505 1095 2585 apud
1118 2506 1163 2573 D.
1186 2505 1357 2575 Laurentii
1380 2508 1510 2578 AEdem
1532 2509 1568 2579 in
1597 2513 1740 2579 editio·-

166 2608 206 2653 re
231 2589 371 2668 planitie
394 2585 504 2653 Vallis
528 2586 728 2665 nnqrooiae.
750 2585 802 2651 Eo
824 2585 896 2669 ipso
915 2607 995 2653 cum
1016 2588 1214 2669 Gnglielnro
1235 2590 1308 2657 tiro
1330 2592 1456 2669 nobili,
1480 2610 1579 2677 etque
1600 2595 1719 2663 carbo·

168 2671 239 2731 lieo
260 2688 282 2733 e
302 2668 463 2735 Lucerna
484 2668 689 2745 Comiribus,
709 2669 769 2750 qui
790 2669 824 2733 in
856 2667 1031 2751 subalpino
1050 2669 1195 2751 bibiane
1217 2690 1303 2753 pago
1323 2671 1535 2742 domicilium
1548 2677 1718 2753 babebat,

169 2749 366 2833 duobusque
388 2750 465 2817 aliie
484 2749 669 2816 comitibus
693 2748 837 2817 inermen
860 2749 1029 2819 renimur.
1053 2752 1133 2819 Non
1156 2755 1200 2820 ira
1222 2753 1331 2819 multo
1359 2754 1427 2837 poll
1458 2755 1549 2833 bini,
1579 2760 1614 2826 dr
1647 2761 1715 2827 bini

166 2832 364 2901 incedentes
385 2852 566 2915 apperuere
588 2832 843 2916 quatuordecim
864 2854 979 2901 earum
1003 2834 1153 2903 Vallium
1176 2832 1348 2907 Ministri,
1370 2838 1424 2919 qui
1449 2839 1597 2908 suassire
1614 2838 1715 2912 Utro·

1353 1678 1734 1774 ituetetrnimasrqutr
1829 1708 1832 1711 ·

166 2934 250 2994 res,
272 2914 337 2983 stre
358 2916 571 2985 Concubioae
593 2916 822 3000 promiserant
843 2917 945 2997 snam
973 2938 1043 2987 non
1074 2938 1186 2999 paucae
1217 2918 1512 2999 stndlimonialer,
1546 2940 1582 2989 ut
1613 2944 1722 3008 neque
1830 2984 1835 2993 .

168 2999 267 3079 pauci
289 3020 332 3067 ert
354 2999 394 3067 iit
416 3000 551 3067 fuerant
571 3000 753 3077 monachi)
774 3020 844 3081 quc
865 3020 968 3083 prope
987 3002 1078 3069 riam
1110 3000 1281 3069 stibslitere
1313 3022 1332 3069 e
1360 3002 1572 3073 semicinsliis
1615 3010 1723 3089 plenis

168 3082 298 3163 vulgari
320 3080 431 3165 lingua
453 3084 552 3151 editis
574 3101 714 3167 utroque
735 3080 982 3165 Testamento‚
1000 3084 1156 3168 librisque
1176 3082 1311 3153 Calvini
1332 3086 1447 3169 (quast
1469 3087 1560 3156 abiit
1573 3091 1717 3161 verbum

167 3162 434 3249 Deiprediret)
456 3183 587 3235 mercer
608 3166 776 3236 illat'sues
797 3184 973 3251 tamquam
994 3170 1029 3235 in
1052 3168 1208 3236 nundinis
1230 3166 1454 3237 oslentanter.
1488 3168 1537 3237 lbi
1559 3192 1634 3241 oum
1657 3196 1719 3243 un·
1840 3176 1844 3189 '

164 3248 270 3327 dique
292 3250 523 3333 esttbalpinie
543 3249 682 3331 plurimi
703 3250 746 3319 ael
765 3249 925 3333 colloquii
945 3250 1020 3319 sam
1044 3271 1075 3319 m
1097 3249 1348 3331 confluxissent,
1372 3251 1543 3331 Minillri,
1568 3258 1727 3341 quorum·

163 3330 414 3427 Antestssnaous
435 3351 507 3429 eret
528 3334 707 3417 Aposlata,
728 3334 780 3401 cui
804 3354 927 3413 nomen
947 3274 1156 3415 Sopianas,
1177 3334 1416 3403 consederunt.
1441 3334 1538 3405 Turta
1559 3359 1578 3408 a
1601 3360 1657 3407 me
1670 3342 1716 3407 le·

161 3413 227 3479 lita
249 3416 482 3483 Emmanueltt
504 3438 580 3485 runt
602 3416 668 3485 fide
690 3416 821 3499 publica
843 3417 989 3491 titteris.
1011 3418 1147 3501 exposui
1168 3420 1241 3498 eius
1263 3418 1433 3485 consilium
1446 3466 1461 3499 ,
1480 3422 1569 3502 quod
1603 3441 1676 3491 erat
1698 3468 1713 3501 ,

162 3517 203 3563 ut
227 3499 428 3567 abllinerent
448 3522 467 3566 a
489 3501 651 3579 cedibus,
673 3501 696 3567 fi
719 3518 798 3569 uero
821 3520 1043 3579 pretexerenr
1073 3502 1208 3570 suorum
1242 3500 1438 3585 dogmatum
1460 3504 1716 3585 traslrtionem,

159 3582 196 3645 id
222 3581 392 3650 internos
415 3583 534 3664 absque
556 3584 629 3651 ullo
648 3584 796 3667 periculo
817 3583 892 3653 fieri
916 3584 1024 3669 pesse.
1047 3582 1303 3668 Responderunt
1325 3586 1360 3651 se
1383 3586 1416 3651 se
1438 3604 1572 3669 paratos
1594 3583 1715 3658 eslede

160 3665 344 3749 Religione
364 3663 520 3736 disserere
530 3690 547 3749 3
567 3666 593 3735 si
612 3667 691 3751 quid
713 3684 829 3738 eutem
850 3666 908 3736 sibi
930 3671 1194 3746 monslrtretnr,
1212 3668 1301 3752 quod
1323 3688 1342 3737 a
1361 3667 1548 3741 ilrimirirae
1558 3670 1713 3741 Ecclesie

158 3750 321 3819 Patribus
342 3748 457 3819 fnisset
476 3772 496 3819 e
519 3751 622 3821 uerbo
641 3752 707 3819 Dei
726 3751 957 3830 declaratum,
978 3772 1093 3820 eorum
1117 3752 1290 3821 sententie
1313 3752 1345 3819 se
1358 3750 1563 3822 sellaturor.
1583 3754 1715 3825 DeEo·

159 3832 316 3901 charistia
338 3833 451 3901 allum
468 3835 536 3915 ell,
551 3832 652 3917 cujus
672 3835 794 3903 veritae
808 3840 858 3904 'etr
875 3836 982 3906 uerbo
999 3833 1067 3905 Dei
1093 3836 1275 3911 nimirem,
1309 3854 1450 3917 quatuor
1474 3836 1712 3919 Euangelissie,

159 3922 200 3988 dt
221 3941 263 3986 ex
286 3916 334 3985 D.
356 3916 484 3998 Paulo,
505 3936 609 4001 atque
627 3940 647 3985 e
667 3920 815 3987 duorum
837 3919 1023 4001 primorum
1047 3920 1237 3987 seculorem
1258 3914 1413 3987 Patribus
1434 3918 1617 3988 monstrata
1644 3920 1715 3999 est,

162 4004 222 4085 ipsi
243 4019 383 4082 autem,
401 4021 481 4070 cum
503 4024 564 4083 pro
585 4022 678 4071 more
700 4002 740 4067 ad
761 4000 892 4068 Caluini
915 4002 1111 4086 quisquilirt
1131 4001 1374 4083 confugerent,
1394 4022 1464 4085 que
1486 4004 1628 4083 jamnon
1643 4004 1711 4071 Dei

160 4086 278 4167 rerba,
301 4084 356 4153 sed
378 4104 567 4155 commenta
589 4084 737 4153 hominis
759 4082 923 4159 aPatria,
946 4085 1035 4155 &ab
1046 4083 1346 4154 Ecclesiaextotr'rr
1358 4084 1596 4167 protulerunt⁸⁴
1607 4082 1704 4155 Tum
1787 4096 1791 4103 '

162 4167 290 4251 igitur,
312 4189 411 4251 cum,
432 4168 454 4235 st
478 4171 674 4251 respuerunt
696 4168 834 4245 Patren,
867 4190 923 4236 me
939 4170 1144 4239 Calvinum,
1165 4168 1200 4238 dr
1222 4168 1382 4250 eiusmodi
1405 4168 1489 4234 alios
1510 4168 1622 4245 iuslim
1643 4170 1709 4239 res·

164 4266 264 4335 puere
285 4252 462 4334 dixissem,
484 4254 583 4321 faodli
598 4251 749 4338 brenel,
770 4252 830 4335 qui
851 4250 1028 4336 Poipcnpi
1051 4253 1242 4335 Martyria,
1264 4252 1299 4319 dc
1323 4251 1483 4319 auditoris
1504 4248 1537 4319 S.
1563 4253 1641 4333 lob.
1663 4257 1710 4322 tt·

160 4334 277 4414 posloli
299 4332 491 4421 Discipulos
514 4338 655 4417 sueratp
667 4335 780 4406 locum
800 4334 923 4404 atrnli.
945 4334 975 4403 li
997 4358 1075 4403 uero
1096 4356 1171 4407 cum
1204 4334 1404 4403 audivissent
1433 4355 1453 4402 a
1482 4352 1551 4403 tant
1592 4335 1711 4420 insigni

158 4418 262 4487 Patre
286 4438 347 4501 pro
366 4421 529 4491 sacrificio
551 4412 685 4489 Altar‘ir·
696 4420 889 4503 expositam
911 4418 1010 4487 foisse
1033 4419 1218 4489 Malacbie
1238 4416 1478 4501 Prophetiam,
1508 4438 1574 4503 qua
1605 4418 1714 4492 diser·

1592 4500 1670 4571 rilli-

162 4613 1711 4659 ——fi—-en-ffl—-Q-e-n--m-q--a-m—qssu

192 4664 210 4747 l
223 4690 236 4766 J
253 4671 263 4745 l
282 4664 562 4821 ἷῠῐξοὲωεῃέἰξ
587 4670 700 4752 locus,
720 4668 757 4741 dr
779 4667 914 4739 medica
941 4686 979 4737 ut
1001 4666 1133 4737 ridetur
1157 4666 1426 4751 manuindigens
1440 4713 1456 4748 ,.
1472 4686 1575 4751 quent
1589 4682 1705 4735 tanen
