4025 5367
330 321 398 405 346
658 315 995 384 Excussere
1041 283 1460 386 Lirenana'tr

314 487 351 526 u
373 438 425 512 nd
446 431 620 512 canonem
642 435 783 533 eJirsdem
804 440 957 522 Concilii
979 439 1182 530 Eritirparrde
1207 435 1305 514 saeile
1326 435 1583 530 respondemus,
1605 461 1682 514 cum
1701 443 1732 515 is
1753 441 1869 534 potius

283 526 509 622 ,sententiae
531 529 660 617 nollrae
684 529 815 613 faveatr
837 530 954 604 statuit
975 529 1094 614 eniln,
1127 547 1165 597 uc
1188 522 1370 618 fi'qsiando
1392 527 1552 622 dignitati
1586 527 1731 603 Ecclesia
1764 553 1870 621 paro-

278 629 314 702 ’,,,
332 611 450 688 chialis
471 612 512 690 lit
533 615 677 703 innexi,
699 617 831 712 is,·qiii
851 617 1049 712 dignitatern
1070 616 1232 700 obtinet,
1265 614 1383 704 majori
1418 613 1585 691 Ecclefiae
1605 619 1760 709 inserviat
1782 670 1794 702 ,
1828 619 1870 688 in

278 699 516 796 ‘‚,·Parocbiali
538 729 711 797 perpetuus
731 703 887 782 Viearius
908 709 1064 801 canonice
1086 706 1297 784 instituaturs
1320 707 1377 798 qui
1388 727 1475 780 certe
1496 711 1649 802 proprius
1672 709 1782 782 Pallor
1800 707 1872 780 Ec-

285 793 446 882 „clefiae'
462 795 634 880 censetur,
655 802 689 870 δι
710 822 786 870 cura
811 800 994 872 animarum
1016 795 1055 869 ad
1070 799 1154 867 'eum
1177 795 1339 882 pertinet.
1368 827 1378 890 3
1690 815 1692 822 ’

327 907 351 970 ,,·
371 883 456 969 Non
478 884 588 959 obstat
611 906 678 974 cap.
701 889 832 960 Dudum
854 889 892 959 de
915 885 1003 960 elesi-
1026 885 1118 975 quod
1139 883 1308 976 permittit
1329 883 1408 956 duas
1431 883 1579 957 ecelefias
1601 885 1650 955 ita
1682 885 1832 957 obtineri
1858 931 1873 968 ,

282 983 311 1058 ’,,
333 969 359 1043 sa
381 969 546 1044 altera'srt
567 976 819 1059 commendata,
843 979 949 1068 piures
970 998 1051 1045 vero
1074 971 1098 1046 sa
1122 973 1279 1046 ‘situlum
1298 1023 1309 1058 ,
1326 971 1386 1045 nisi
1409 997 1484 1047 cum
1508 971 1701 1064 Apostolica
1733 973 1874 1064 dispen-

286 1108 311 1145 „
331 1057 480 1146 satione,
502 1066 641 1134 omuino
662 1064 802 1137 detineri
825 1084 915 1137 vetat
940 1088 953 1146 3
980 1085 1056 1134 nam
1078 1063 1118 1134 de
1151 1061 1494 1135 commendationibus
1527 1061 1595 1152 jam
1617 1060 1688 1138 dixi
1710 1113 1722 1150 ,
1754 1063 1870 1220 duales

284 1152 516 1240 „antiquitas
535 1151 745 1241 probaverit,
766 1178 851 1244 quae
872 1177 952 1223 vero
975 1151 1085 1242 postca
1108 1153 1143 1221 in
1166 1149 1347 1226 Ecclesiam
1368 1152 1594 1243 irrepserunt,
1614 1150 1741 1224 utinam
1776 1163 1872 1233 rcuc',

283 1247 314 1322 '„‘
330 1237 465 1308 illarum
488 1257 609 1310 nomen
630 1292 641 1326 ,
663 1246 697 1313 dt
719 1239 1001 1323 similitudinem,
1024 1243 1071 1312 ita
1095 1242 1164 1313 vim
1229 1260 1326 1332 atque
1350 1261 1499 1313 naturam
1535 1235 1634 1310 essent
1671 1237 1867 1317 assecutae.
1990 1253 1991 1267 ¹

281 1375 305 1428 „
324 1323 617 1416 Dispensationum
640 1351 720 1401 vero
743 1334 877 1422 quoties
898 1325 1104 1426 sementia,
1126 1327 1150 1400 fi
1174 1292 1218 1401 sn
1232 1332 1425 1402 memoriam
1461 1351 1651 1401 revocemus
1674 1377 1685 1414 ,
1717 1351 1802 1419 quae
1824 1326 1867 1396 de

283 1433 444 1500 „namra
466 1415 595 1506 legum,
617 1420 651 1502 &
675 1418 715 1491 de
743 1417 809 1491 'ure
831 1416 1017 1508 hujusmodi
1039 1437 1202 1510 canonum
1228 1419 1315 1494 dista
1333 1410 1431 1506 suot,
1452 1412 1550 1498 facile
1570 1413 1748 1510 suppetet,
1769 1413 1860 1508 quod

282 1514 313 1589 „'
327 1501 369 1574 ad
390 1506 503 1575 omnia
523 1509 703 1598 Canonum
725 1443 814 1580 disis
837 1503 1088 1599 respondemus.
1595 1523 1599 1536 “

328 1640 353 1675 ,,
374 1591 478 1678 Quod
500 1596 618 1665 attinet
640 1593 681 1668 ad
702 1595 911 1688 Theologiae
934 1595 1111 1685 Magistros
1134 1595 1175 1668 ad
1210 1591 1316 1669 studia
1338 1593 1523 1690 evocandos
1546 1639 1558 1676 ‚
1591 1600 1626 1668 δι
1646 1592 1686 1667 de
1709 1587 1870 1686 potestate

282 1729 308 1768 „
332 1677 416 1751 facta
439 1680 620 1754 rectoribus
684 1699 850 1757 reectum
872 1703 1002 1776 tempus
1024 1685 1247 1774 Theologiarn
1269 1681 1417 1756 discendi
1440 1685 1532 1758 utilis
1555 1684 1601 1756 est
1634 1683 1832 1756 oeconomia
1854 1700 1868 1760 ‚¹

284 1817 307 1853 „
330 1766 412 1925 ῗιιὶᾰ
433 1771 521 1839 enim
542 1794 625 1860 quae
639 1797 661 1840 o
685 1771 847 1846 Ecclesiae
870 1776 935 1844 Dei
959 1765 1022 1844 effe
1044 1771 1152 1864 potest
1173 1791 1242 1867 tarn
1263 1769 1492 1871 fruduosum,
1514 1795 1614 1862 quam
1636 1791 1672 1844 ut
1695 1774 1730 1842 in
1762 1773 1870 1840 eccle·

285 1907 310 1943 „
346 1859 386 1926 ris
404 1856 647 1932 ‘constituantur
671 1862 855 1945 Douorer,
877 1861 918 1934 ad
941 1884 1026 1951 quos
1046 1859 1086 1934 de
1107 1857 1256 1934 Dineeefi
1279 1863 1410 1935 eserici
1427 1859 1629 1935 confluentes
1660 1859 1836 1968 scripturas
1858 1907 1868 1940 ,

284 1995 308 2032 „
330 1947 496 2018 &¹rtrum
519 1945 705 2038 divinarum
717 1950 797 2024 disci
826 1954 927 2021 linam
949 1944 1129 2022 hauriant?
1154 1955 1331 2038 Poterunt,
1353 1950 1475 2035 credo,
1500 1950 1575 2024 illae
1599 1947 1774 2039 parochiae
1795 1946 1867 2017 bre·

285 2039 308 2121 ‘,‚
332 2036 367 2104 vi
389 2050 538 2125 tempore
563 1974 931 2112 tresorum‘abdentiam
978 2042 1044 2109 ati.
1069 2037 1257 2109 Praesertim
1281 2035 1305 2110 fi
1329 2042 1449 2110 interea
1473 2038 1558 2108 reste
1592 2035 1862 2112 adniinilirabun'-

282 2173 306 2209 „
329 2140 404 2206 tut,
426 2143 463 2214 ut
485 2125 562 2193 tales
585 2127 752 2198 ministros
773 2151 832 2218 per
858 2147 936 2197 ctuo
955 2062 1099 2197 babeant
1123 2177 1134 2210 ,
1156 2129 1213 2215 qui
1238 2149 1304 2197 non
1328 2127 1429 2199 modo
1452 2130 1505 2210 iis,
1528 2123 1581 2200 sed
1612 2129 1679 2197 toti
1702 2121 1859 2198 Ecclefiae

226 2222 241 2247 s
284 2207 393 2316 ,gline
416 2207 569 2282 srucluosr
592 2221 612 2283 .‘
635 2213 719 2284 Non
742 2238 782 2284 ne
805 2151 891 2286 iddm
912 2213 1011 2287 nobis
1035 2237 1120 2290 nunc
1140 2213 1179 2285 fit
1204 2264 1216 2298 ,
1250 2217 1309 2304 qui
1331 2216 1377 2286 ob
1411 2216 1583 2304 publicam
1604 2211 1780 2289 utilitatem
1801 2211 1855 2280 'ab

284 2297 666 2390 „⁴ecc1efiisabsumus!
688 2305 747 2390 qui
770 2305 877 2374 minus
899 2300 1055 2391 poterunt
1078 2303 1131 2372 illi
1155 2328 1172 2373 a
1196 2305 1343 2391 paraeciis
1365 2299 1468 2376 abesse
1490 2354 1502 2390 ,
1522 2325 1602 2382 curu
1624 2301 1670 2375 ob
1693 2305 1860 2394 propriam

282 2442 306 2477 „
327 2389 481 2470 illarum,
504 2405 581 2457 tum
598 2391 644 2462 ob
667 2411 875 2475 communem
899 2392 1081 2462 utilitatem
1103 2385 1286 2463 Ecclefiae.

286 2481 294 2490 '
323 2524 348 2559 „
370 2471 674 2561 Condemnabirr'rus
694 2484 711 2562 (
732 2480 922 2568 inquiunt)
943 2477 1052 2550 nostra
1084 2479 1242 2550 sententia
1275 2475 1347 2550 adca
1362 2495 1431 2569 ,tot
1464 2471 1663 2552 Pontificum
1696 2480 1756 2568 qui
1790 2497 1873 2548 cum.

284 2615 307 2651 „
327 2561 517 2653 Episcopos
538 2571 650 2651 Rornae
672 2568 780 2637 vivere
803 2566 1036 2656 permiserint,
1057 2580 1155 2726 aspira
1177 2565 1482 2654 voluerint,³usum
1504 2567 1813 2658 dispensationum,
1836 2572 1865 2634 tt

279 2705 306 2745 „
327 2647 591 2762 consuetudinem
614 2640 908 2760 perrdlgave'rint,
928 2657 1036 2744 piures
1058 2677 1094 2726 ec
1116 2647 1241 2740 tellis,
1263 2653 1412 2747 quimvis
1446 2671 1520 2745 prae
1545 2655 1869 2746 esnommpreren-

290 2792 315 2828 „
337 2743 422 2810 tiam
444 2739 649 2832 flagitantes,
669 2740 789 2832 easque
806 2745 909 2835 longe
931 2748 1021 2815 inter
1034 2745 1064 2814 se
1086 2745 1260 2828 distortos,
1281 2743 1507 2838 unisaepktra
1533 2743 1677 2830 iderint,
1690 2743 1871 2835 ita'utali·

284 2880 307 2920 „
330 2819 462 2920 quando
484 2833 521 2908 dt
542 2833 650 2919 plures
672 2831 890 2925 Episcopatus
913 2831 971 2904 uni
994 2831 1296 2923 commendaverint
1319 2883 1329 2918 ,
1361 2842 1502 2924 cunique
1526 2836 1562 2905 in
1585 2834 1868 2923 omni··,memoria

284 2969 311 3008 ‚,
330 2921 479 2989 veterum
496 2930 688 3010 temporum
711 2916 883 2992 Pontifices
906 2918 993 2991 haec'
1008 2917 1112 3010 libere
1134 2911 1230 3012 egisse
1251 2925 1523 3012 comperiantur,
1548 2909 1723 2994 nuncbo'c
1746 2919 1861 2990 decre-

283 3057 308 3093 „
329 3024 366 3075 to
389 3008 430 3078 iis
453 3008 608 3101 omnibus
630 3010 726 3084 rebus
748 3007 940 3091 damnatis,
973 3006 1146 3081 Pontifices
1168 3012 1299 3082 illarum
1327 3007 1489 3094 'authores
1510 3007 1622 3100 ‚injussi
1639 3026 1664 3091 ,¹
1685 3029 1723 3076 ac
1746 3003 1868 3075 nefarii

284 3089 423 3181 „fuisse
445 3092 702 3182 judicabuntur.
724 3095 962 3180 Meminerint,
982 3095 1145 3188 qui'haec
1170 3101 1307 3182 dicunt,
1326 3097 1500 3183 Christum
1533 3093 1865 3190 rogasse'prps'ltw,

285 3231 309 3269 „
332 3204 372 3251 ne
394 3183 484 3253 illius
506 3180 585 3254 fidos
597 3182 767 3268 deiiceret,
788 3183 828 3255 de
841 3183 1002 3256 charitate
1025 3183 1152 3267 nibillei
1165 3190 1376 3277 praecipuum
1409 3185 1578 3272 romifi'ffe.
1602 3175 1865 3275 ARontifieibul

288 3319 314 3356 „
336 3270 507 3360 religionis
530 3270 738 3358 institutum,
760 3273 998 3374 praescriptam
1021 3273 1154 3367 visendi
1177 3209 1606 3362 rationem'‚,gblislian'am
1631 3258 1861 3360 disciplinam,

286 3355 409 3446 „fidei
430 3376 582 3439 normam
605 3363 773 3448 expediere
795 3361 951 3440 debemus
974 3413 984 3444 ,
1017 3379 1104 3452 quae
1125 3367 1238 3435 omnia
1261 3365 1318 3434 isla
1343 3361 1524 3457 Santiilir‘na
1557 3353 1646 3432 sides
1668 3359 1757 3456 'omni
1779 3377 1863 3455 tenr-

198 3533 202 3538 ,
286 3493 310 3545 „
332 3467 414 3533 pore
436 3448 533 3520 firma
548 3499 559 3531 ,
576 3448 750 3538 laneisque
769 3448 911 3522 »servavit
934 3502 944 3534 ,
965 3454 998 3528 δι
1021 3449 1182 3540 praestitit
1204 3505 1213 3522 .
1244 3451 1426 3540 Quantum
1440 3443 1558 3536 illinet
1581 3449 1748 3537 advitae
1764 3445 1866 3516 aetioz

285 3581 312 3624 „
334 3552 391 3603 nes
415 3584 427 3619 ,
459 3539 495 3610 δι
518 3537 556 3610 ad
581 3541 796 3628 negociorum
819 3538 1395 3633 administrationem'obnoxiijsuot
1413 3539 1591 3630 ,Pontifices
1621 3554 1717 3629 more
1745 3555 1870 3606 eetero-

287 3668 314 3718 „
335 3645 410 3694 ruan
434 3619 608 3701 bominum
629 3629 846 3716 negligentiae
857 3633 877 3712 ,'‘
891 3628 1163 3715 imbeccillicati,
1184 3629 1313 3707 errori,
1336 3623 1870 3724 &reliquisanimi‘affeciionia

283 3753 313 3812 2³
335 3711 468 3798 nibus,
499 3711 785 3804 quae'bnmanam
806 3719 911 3788 vitam
935 3715 1160 3807 perturbant,
1192 3723 1226 3788 δι
1249 3741 1266 3787 a
1288 3715 1373 3788 recia
1400 3719 1528 3804 ratione
1550 3714 1720 3804 abducunt
1744 3768 1753 3784 .
1789 3715 1871 3803 Qo

285 3847 310 3887 „
333 3803 567 3881 circumitum
588 3805 696 3876 videri
718 3826 785 3879 non
806 3803 907 3876 debet
928 3853 940 3890 ,
961 3829 1018 3876 eos
1039 3826 1124 3894 cum,
1139 3804 1289 3878 homines
1311 3799 1435 3875 suerint
1459 3857 1470 3891 ,
1493 3807 1595 3892 multa
1618 3807 1705 3874 uitio
1737 3819 1872 3890 tempo-

285 3898 310 3974 „
333 3900 406 3961 rum
426 3890 626 3966 condonasse
641 3893 1033 3984 ‚muitacupiditatibus
1056 3893 1233 3967 hominurn
1256 3892 1457 3979 concessisse,
1481 3895 1631 3984 quedam
1653 3911 1722 3976 eos'
1741 3883 1871 3960 lamisse

284 4023 308 4064 ‚,
326 3979 449 4078 clam,
482 3978 564 4050 dolo
583 4032 600 4064 „
631 3978 944 4073 fraude'expresb,
978 3985 1015 4053 iu
1049 3981 1212 4078 plerisque
1234 3983 1367 4072 etiarn'ji
1395 3976 1455 4052 sos⁴
1476 3977 1661 4054 conivisse.
1695 3981 1811 4064 ltaque
1835 3981 1876 4046 οἱ

281 4081 308 4149 ’,,
328 4069 429 4140 mnia'
449 4068 592 4158 culidem·
607 4054 802 4149 Pontificum
823 4069 908 4145 iada
933 4121 949 4154 ,
978 4059 1163 4167 cujusmbdi
1186 4094 1222 4142 ea
1246 4005 1523 4165 biressdabmill'e·
1539 4065 1738 4166 recipienda
1763 4066 1835 4140 sunt
1861 4089 1873 4146 3

283 4197 308 4236 ,‚
329 4151 432 4242 iisque
457 4178 581 4256 parere,
600 4162 639 4236 de
660 4161 800 4252 obsequi
823 4159 1005 4245 debemus,
1025 4160 1080 4248 illa
1105 4167 1236 4249 autenti,
1258 4143 1768 4261 utibaerosadta‘ienerpmui,
1797 4155 1874 4244 quie

281 4286 308 4344 3,
326 4252 425 4394 dnm
442 4254 612 4330 marorum
634 4247 740 4343 liunt,
762 4254 793 4320 dc
816 4249 1021 4338 apostolicis
1043 4247 1203 4324 institutis
1220 4241 1416 4340 legibusque
1439 4245 1511 4322 sunt
1533 4247 1752 4344 consentanea
1775 4294 1784 4313 .
1804 4254 1874 4314 'Ge-

282 4372 309 4413 n
338 4323 425 4429 astus
448 4329 488 4406 de
510 4335 605 4404 l’ttri
626 4336 846 4412 Alexandrini
867 4337 1073 4410 absolutione
1096 4337 1268 4422 scribens,
1292 4359 1370 4412 tune
1393 4339 1522 4426 denique
1544 4339 1565 4428 (
1580 4339 1694 4426 inquit
1712 4339 1730 4417 i
1746 4333 1874 4405 ''Ponti-

286 4435 314 4498 „'
326 4412 445 4503 fictum
464 4423 535 4491 acia
558 4422 622 4495 rite
638 4425 853 4515 ,administrari
875 4473 886 4509 ,
912 4423 941 4515 fi
968 4423 1142 4512 seeundum
1177 4423 1331 4516 Ecclefiae
1363 4425 1505 4498 reulum
1534 4421 1698 4498 celebrata
1718 4419 1777 4512 ,fi
1810 4441 1876 4510 pa-

283 4549 310 4588 „
328 4519 423 4678 gyra
444 4509 619 4584 traditione
634 4510 810 4604 profetia,
835 4509 970 4604 fimare
1003 4514 1159 4606 majorum
1188 4515 1317 4604 prolate
1339 4566 1350 4603 ‚
1373 4447 1417 4604 ff
1428 4513 1617 4610 compertius
1638 4512 1874 4624 exoninarlone

280 4639 308 4678 „
403 4613 529 4683 empta.
634 4673 640 4682 ⁴
777 4668 794 4680 ,,
1114 4614 1118 4626 ’
1634 4625 1637 4630 ·
1773 4613 1792 4680 J
1848 4616 1864 4630 ·“

280 4685 287 4700 ·
328 4683 552 4774 „Propterea
574 4684 750 4760 Pontifices
771 4683 965 4775 f'ierutnque
987 4693 1029 4760 oc
1046 4682 1122 4774 sua,
1144 4691 1175 4762 or
1198 4687 1402 4780 superiorum
1434 4684 1631 4764 Pontificum
1664 4691 1734 4762 acia
1766 4691 1874 4761 corri-

285 4779 439 4888 ‘’²23⁰‘ss
460 4771 553 4866 quod
575 4778 612 4851 in
633 4773 696 4851 hac
719 4713 795 4872 apd
811 4774 1095 4892 dispensationum
1116 4778 1212 4853 causa
1236 4826 1248 4867 ,
1279 4785 1312 4850 δι
1334 4785 1370 4854 in
1394 4779 1608 4855 liberioribus
1631 4775 1871 4886 beneficiorum

927 4888 931 4897 ’
1736 4918 1759 4958 υ
1779 4891 1831 4940 ¹¹¹·
