<?xml version="1.0" encoding="UTF-8"?>
<!DOCTYPE html PUBLIC "-//W3C//DTD XHTML 1.0 Transitional//EN"
    "http://www.w3.org/TR/xhtml1/DTD/xhtml1-transitional.dtd">
<html xmlns="http://www.w3.org/1999/xhtml" xml:lang="en" lang="en">
 <head>
  <title>
</title>
<meta http-equiv="Content-Type" content="text/html;charset=utf-8" />
  <meta name='ocr-system' content='tesseract 3.04.00' />
  <meta name='ocr-capabilities' content='ocr_page ocr_carea ocr_par ocr_line ocrx_word'/>
</head>
<body>
  <div class='ocr_page' id='page_1' title='image "./francisciantoni00zaccgoog/francisciantoni00zaccgoog_0375.png"; bbox 0 0 4025 5367; ppageno 0'>
   <div class='ocr_carea' id='block_1_1' title="bbox 568 257 1696 381">
    <p class='ocr_par' dir='ltr' id='par_1_1' title="bbox 568 257 1696 381">
     <span class='ocr_line' id='line_1_1' title="bbox 568 257 1696 381; baseline -0.015 -11"><span class='ocrx_word' id='word_1_1' title='bbox 568 281 1245 370; x_wconf 62' lang='lat' dir='ltr'>reiteraret.</span> <span class='ocrx_word' id='word_1_2' title='bbox 1630 257 1696 381; x_wconf 61' lang='lat'>349</span> 
     </span>
    </p>
   </div>
   <div class='ocr_carea' id='block_1_2' title="bbox 169 391 1844 2797">
    <p class='ocr_par' dir='ltr' id='par_1_2' title="bbox 169 391 1844 2797">
     <span class='ocr_line' id='line_1_2' title="bbox 172 391 1735 516; baseline -0.022 -3"><span class='ocrx_word' id='word_1_3' title='bbox 172 448 179 454; x_wconf 85' lang='lat'>&#39;</span> <span class='ocrx_word' id='word_1_4' title='bbox 214 425 314 512; x_wconf 76' lang='lat' dir='ltr'>cient</span> <span class='ocrx_word' id='word_1_5' title='bbox 376 450 421 512; x_wconf 84' lang='lat' dir='ltr'>uo</span> <span class='ocrx_word' id='word_1_6' title='bbox 441 425 594 502; x_wconf 83' lang='lat' dir='ltr'>homines</span> <span class='ocrx_word' id='word_1_7' title='bbox 615 417 659 494; x_wconf 84' lang='lat' dir='ltr'>ab</span> <span class='ocrx_word' id='word_1_8' title='bbox 681 415 748 487; x_wconf 86' lang='lat' dir='ltr'>illis</span> <span class='ocrx_word' id='word_1_9' title='bbox 769 391 1132 516; x_wconf 69' lang='lat' dir='ltr'>nugis&#39;abducerentut</span> <span class='ocrx_word' id='word_1_10' title='bbox 1153 461 1165 500; x_wconf 93' lang='lat'>,</span> <span class='ocrx_word' id='word_1_11' title='bbox 1186 409 1387 487; x_wconf 82' lang='lat' dir='ltr'>declararunt</span> <span class='ocrx_word' id='word_1_12' title='bbox 1408 410 1454 485; x_wconf 85' lang='lat' dir='ltr'>ell</span> <span class='ocrx_word' id='word_1_13' title='bbox 1521 432 1574 484; x_wconf 87' lang='lat' dir='ltr'>eas</span> <span class='ocrx_word' id='word_1_14' title='bbox 1593 405 1661 502; x_wconf 79' lang='lat' dir='ltr'>jure</span> <span class='ocrx_word' id='word_1_15' title='bbox 1684 408 1735 484; x_wconf 82' lang='lat' dir='ltr'>di-</span> 
     </span>
     <span class='ocr_line' id='line_1_3' title="bbox 169 449 1746 614; baseline -0.019 -15"><span class='ocrx_word' id='word_1_16' title='bbox 169 449 378 612; x_wconf 45' lang='lat' dir='ltr'>ssrinosffl</span> <span class='ocrx_word' id='word_1_17' title='bbox 399 517 587 614; x_wconf 80' lang='lat' dir='ltr'>prohibitas</span> <span class='ocrx_word' id='word_1_18' title='bbox 605 556 615 578; x_wconf 87' lang='lat'><strong>.</strong></span> <span class='ocrx_word' id='word_1_19' title='bbox 646 508 688 576; x_wconf 90' lang='lat' dir='ltr'>In</span> <span class='ocrx_word' id='word_1_20' title='bbox 709 503 895 606; x_wconf 76' lang='lat' dir='ltr'>Tridentmo</span> <span class='ocrx_word' id='word_1_21' title='bbox 916 503 1027 574; x_wconf 82' lang='lat' dir='ltr'>Patres</span> <span class='ocrx_word' id='word_1_22' title='bbox 1046 521 1124 572; x_wconf 85' lang='lat' dir='ltr'>cunt</span> <span class='ocrx_word' id='word_1_23' title='bbox 1145 499 1294 572; x_wconf 87' lang='lat' dir='ltr'>viderent</span> <span class='ocrx_word' id='word_1_24' title='bbox 1328 525 1394 576; x_wconf 91' lang='lat' dir='ltr'>non</span> <span class='ocrx_word' id='word_1_25' title='bbox 1425 459 1562 575; x_wconf 77' lang='lat' dir='ltr'>desuiss&#39;e</span> <span class='ocrx_word' id='word_1_26' title='bbox 1595 501 1746 602; x_wconf 80' lang='lat' dir='ltr'>Canoni-</span> 
     </span>
     <span class='ocr_line' id='line_1_4' title="bbox 173 585 1749 704; baseline -0.016 -18"><span class='ocrx_word' id='word_1_27' title='bbox 173 655 199 698; x_wconf 61' lang='grc' dir='ltr'>,ι</span> <span class='ocrx_word' id='word_1_28' title='bbox 220 613 302 696; x_wconf 85' lang='lat' dir='ltr'>slas,</span> <span class='ocrx_word' id='word_1_29' title='bbox 322 612 383 704; x_wconf 90' lang='lat' dir='ltr'>qui</span> <span class='ocrx_word' id='word_1_30' title='bbox 404 601 634 680; x_wconf 79' lang='lat' dir='ltr'>eonseffioncm</span> <span class='ocrx_word' id='word_1_31' title='bbox 655 590 831 666; x_wconf 80' lang='lat' dir='ltr'>universali</span> <span class='ocrx_word' id='word_1_32' title='bbox 851 585 974 664; x_wconf 87' lang='lat' dir='ltr'>statuto</span> <span class='ocrx_word' id='word_1_33' title='bbox 995 585 1158 662; x_wconf 75' lang='lat' dir='ltr'>Ecclesiae</span> <span class='ocrx_word' id='word_1_34' title='bbox 1182 589 1349 664; x_wconf 75' lang='lat' dir='ltr'>indusium</span> <span class='ocrx_word' id='word_1_35' title='bbox 1372 591 1516 663; x_wconf 75' lang='lat' dir='ltr'>dicerent</span> <span class='ocrx_word' id='word_1_36' title='bbox 1538 641 1548 674; x_wconf 96' lang='lat'>,</span> <span class='ocrx_word' id='word_1_37' title='bbox 1581 610 1653 662; x_wconf 86' lang='lat' dir='ltr'>earn</span> <span class='ocrx_word' id='word_1_38' title='bbox 1674 609 1749 678; x_wconf 71' lang='lat' dir='ltr'>rure</span> 
     </span>
     <span class='ocr_line' id='line_1_5' title="bbox 218 676 1749 790; baseline -0.017 -16"><span class='ocrx_word' id='word_1_39' title='bbox 218 700 333 776; x_wconf 78' lang='lat' dir='ltr'>diuino</span> <span class='ocrx_word' id='word_1_40' title='bbox 355 717 468 790; x_wconf 79' lang='lat' dir='ltr'>praece</span> <span class='ocrx_word' id='word_1_41' title='bbox 509 713 566 766; x_wconf 85' lang='lat' dir='ltr'>ant</span> <span class='ocrx_word' id='word_1_42' title='bbox 585 678 646 759; x_wconf 90' lang='lat' dir='ltr'>esse</span> <span class='ocrx_word' id='word_1_43' title='bbox 668 680 913 754; x_wconf 77' lang='lat' dir='ltr'>declaraverunt</span> <span class='ocrx_word' id='word_1_44' title='bbox 946 679 1134 764; x_wconf 79' lang='lat' dir='ltr'>judicantes</span> <span class='ocrx_word' id='word_1_45' title='bbox 1157 680 1201 750; x_wconf 91' lang='lat' dir='ltr'>ita</span> <span class='ocrx_word' id='word_1_46' title='bbox 1236 683 1378 752; x_wconf 85' lang='lat' dir='ltr'>maxime</span> <span class='ocrx_word' id='word_1_47' title='bbox 1399 676 1609 760; x_wconf 82' lang='lat' dir='ltr'>Christianos</span> <span class='ocrx_word' id='word_1_48' title='bbox 1640 677 1749 752; x_wconf 88' lang='lat' dir='ltr'>sacra-</span> 
     </span>
     <span class='ocr_line' id='line_1_6' title="bbox 172 728 1750 874; baseline -0.014 -12"><span class='ocrx_word' id='word_1_49' title='bbox 172 743 199 872; x_wconf 54' lang='grc' dir='ltr'><strong><em>ἲ</em></strong></span> <span class='ocrx_word' id='word_1_50' title='bbox 217 807 331 862; x_wconf 86' lang='lat' dir='ltr'>mento</span> <span class='ocrx_word' id='word_1_51' title='bbox 352 784 450 859; x_wconf 90' lang='lat' dir='ltr'>conse</span> <span class='ocrx_word' id='word_1_52' title='bbox 473 781 559 854; x_wconf 84' lang='lat' dir='ltr'>tonis</span> <span class='ocrx_word' id='word_1_53' title='bbox 579 774 767 861; x_wconf 74' lang='lat' dir='ltr'>obligatum</span> <span class='ocrx_word' id='word_1_54' title='bbox 787 768 850 849; x_wconf 74' lang='lat' dir='ltr'>irs,</span> <span class='ocrx_word' id='word_1_55' title='bbox 873 765 897 836; x_wconf 75' lang='lat' dir='ltr'>sl</span> <span class='ocrx_word' id='word_1_56' title='bbox 921 728 1051 839; x_wconf 79' lang='lat' dir='ltr'>sublato</span> <span class='ocrx_word' id='word_1_57' title='bbox 1070 765 1133 836; x_wconf 91' lang='lat' dir='ltr'>illo</span> <span class='ocrx_word' id='word_1_58' title='bbox 1152 765 1340 874; x_wconf 68' lang='lat' dir='ltr'>pernicioso</span> <span class='ocrx_word' id='word_1_59' title='bbox 1359 792 1498 852; x_wconf 88' lang='lat' dir='ltr'>errore,</span> <span class='ocrx_word' id='word_1_60' title='bbox 1532 764 1611 856; x_wconf 67' lang='lat' dir='ltr'>jutis</span> <span class='ocrx_word' id='word_1_61' title='bbox 1631 766 1750 841; x_wconf 79' lang='lat' dir='ltr'>divino</span> 
     </span>
     <span class='ocr_line' id='line_1_7' title="bbox 172 854 1844 959; baseline -0.014 -12"><span class='ocrx_word' id='word_1_62' title='bbox 172 919 196 959; x_wconf 92' lang='lat'>„</span> <span class='ocrx_word' id='word_1_63' title='bbox 216 879 253 948; x_wconf 90' lang='lat' dir='ltr'>iu</span> <span class='ocrx_word' id='word_1_64' title='bbox 276 877 339 947; x_wconf 95' lang='lat' dir='ltr'>illo</span> <span class='ocrx_word' id='word_1_65' title='bbox 362 877 571 945; x_wconf 81' lang='lat' dir='ltr'>sacramento</span> <span class='ocrx_word' id='word_1_66' title='bbox 593 860 777 936; x_wconf 79' lang='lat' dir='ltr'>authoritas</span> <span class='ocrx_word' id='word_1_67' title='bbox 798 854 1001 927; x_wconf 88' lang='lat' dir='ltr'>sancatetue.</span> <span class='ocrx_word' id='word_1_68' title='bbox 1034 855 1126 934; x_wconf 84' lang='lat' dir='ltr'>Haec</span> <span class='ocrx_word' id='word_1_69' title='bbox 1149 875 1184 925; x_wconf 86' lang='grc' dir='ltr'>ιιι</span> <span class='ocrx_word' id='word_1_70' title='bbox 1207 856 1258 926; x_wconf 85' lang='lat' dir='ltr'>lus</span> <span class='ocrx_word' id='word_1_71' title='bbox 1279 854 1408 930; x_wconf 88' lang='lat' dir='ltr'>duobus</span> <span class='ocrx_word' id='word_1_72' title='bbox 1438 855 1589 930; x_wconf 89' lang='lat' dir='ltr'>conciliis</span> <span class='ocrx_word' id='word_1_73' title='bbox 1623 865 1750 948; x_wconf 70' lang='lat' dir='ltr'>propo-</span> <span class='ocrx_word' id='word_1_74' title='bbox 1840 867 1844 875; x_wconf 86' lang='grc'><em>·</em></span> 
     </span>
     <span class='ocr_line' id='line_1_8' title="bbox 173 943 1796 1052; baseline -0.014 -15"><span class='ocrx_word' id='word_1_75' title='bbox 173 1011 199 1052; x_wconf 83' lang='grc'>,,</span> <span class='ocrx_word' id='word_1_76' title='bbox 221 985 346 1036; x_wconf 88' lang='lat' dir='ltr'>nuntur</span> <span class='ocrx_word' id='word_1_77' title='bbox 367 961 465 1033; x_wconf 83' lang='lat' dir='ltr'>nobis</span> <span class='ocrx_word' id='word_1_78' title='bbox 487 957 639 1028; x_wconf 80' lang='lat' dir='ltr'>semilima</span> <span class='ocrx_word' id='word_1_79' title='bbox 650 999 661 1033; x_wconf 94' lang='lat'>,</span> <span class='ocrx_word' id='word_1_80' title='bbox 683 951 718 1017; x_wconf 76' lang='lat' dir='ltr'>dt</span> <span class='ocrx_word' id='word_1_81' title='bbox 740 965 844 1034; x_wconf 81' lang='lat' dir='ltr'>prope</span> <span class='ocrx_word' id='word_1_82' title='bbox 865 943 978 1014; x_wconf 83' lang='lat' dir='ltr'>eadem</span> <span class='ocrx_word' id='word_1_83' title='bbox 999 946 1146 1033; x_wconf 81' lang='lat' dir='ltr'>exempla</span> <span class='ocrx_word' id='word_1_84' title='bbox 1168 943 1208 1014; x_wconf 93' lang='lat' dir='ltr'>ad</span> <span class='ocrx_word' id='word_1_85' title='bbox 1231 945 1450 1032; x_wconf 87' lang='lat' dir='ltr'>imitandum,</span> <span class='ocrx_word' id='word_1_86' title='bbox 1472 967 1556 1036; x_wconf 91' lang='lat' dir='ltr'>quae</span> <span class='ocrx_word' id='word_1_87' title='bbox 1578 963 1690 1016; x_wconf 86' lang='lat' dir='ltr'>tamen</span> <span class='ocrx_word' id='word_1_88' title='bbox 1723 945 1750 1015; x_wconf 87' lang='lat' dir='ltr'>ii</span> <span class='ocrx_word' id='word_1_89' title='bbox 1775 949 1796 960; x_wconf 71' lang='grc'><em>“</em></span> 
     </span>
     <span class='ocr_line' id='line_1_9' title="bbox 174 1029 1752 1136; baseline -0.017 -12"><span class='ocrx_word' id='word_1_90' title='bbox 174 1095 199 1136; x_wconf 80' lang='lat'>„</span> <span class='ocrx_word' id='word_1_91' title='bbox 221 1051 373 1123; x_wconf 84' lang='lat' dir='ltr'>laditaines</span> <span class='ocrx_word' id='word_1_92' title='bbox 394 1045 502 1121; x_wconf 84' lang='lat' dir='ltr'>studio</span> <span class='ocrx_word' id='word_1_93' title='bbox 522 1033 743 1117; x_wconf 83' lang='lat' dir='ltr'>defendendae</span> <span class='ocrx_word' id='word_1_94' title='bbox 766 1031 941 1102; x_wconf 89' lang='lat' dir='ltr'>sententiae</span> <span class='ocrx_word' id='word_1_95' title='bbox 975 1030 1034 1122; x_wconf 91' lang='lat' dir='ltr'>sup</span> <span class='ocrx_word' id='word_1_96' title='bbox 1058 1029 1201 1102; x_wconf 86' lang='lat' dir='ltr'>resenant</span> <span class='ocrx_word' id='word_1_97' title='bbox 1225 1083 1235 1117; x_wconf 92' lang='lat'>,</span> <span class='ocrx_word' id='word_1_98' title='bbox 1268 1033 1469 1122; x_wconf 86' lang='lat' dir='ltr'>proferentes</span> <span class='ocrx_word' id='word_1_99' title='bbox 1499 1033 1634 1106; x_wconf 85' lang='lat' dir='ltr'>subtiles</span> <span class='ocrx_word' id='word_1_100' title='bbox 1655 1031 1752 1124; x_wconf 86' lang='lat' dir='ltr'>quas.</span> 
     </span>
     <span class='ocr_line' id='line_1_10' title="bbox 176 1119 1749 1224; baseline -0.013 -12"><span class='ocrx_word' id='word_1_101' title='bbox 176 1183 200 1224; x_wconf 84' lang='lat'>‚,</span> <span class='ocrx_word' id='word_1_102' title='bbox 221 1138 318 1222; x_wconf 88' lang='lat' dir='ltr'>dam,</span> <span class='ocrx_word' id='word_1_103' title='bbox 340 1142 373 1208; x_wconf 78' lang='lat' dir='ltr'>dc</span> <span class='ocrx_word' id='word_1_104' title='bbox 395 1137 527 1210; x_wconf 88' lang='lat' dir='ltr'>inutiles</span> <span class='ocrx_word' id='word_1_105' title='bbox 549 1124 762 1222; x_wconf 81' lang='lat' dir='ltr'>quaestiones,</span> <span class='ocrx_word' id='word_1_106' title='bbox 784 1141 863 1209; x_wconf 87' lang='lat' dir='ltr'>quas</span> <span class='ocrx_word' id='word_1_107' title='bbox 884 1121 935 1192; x_wconf 89' lang='lat' dir='ltr'>illi</span> <span class='ocrx_word' id='word_1_108' title='bbox 959 1143 997 1209; x_wconf 91' lang='lat' dir='ltr'>pr</span> <span class='ocrx_word' id='word_1_109' title='bbox 1044 1119 1194 1192; x_wconf 82' lang='lat' dir='ltr'>entitlimi</span> <span class='ocrx_word' id='word_1_110' title='bbox 1216 1123 1324 1194; x_wconf 84' lang='lat' dir='ltr'>Patres</span> <span class='ocrx_word' id='word_1_111' title='bbox 1346 1121 1613 1196; x_wconf 78' lang='lat' dir='ltr'>scholasticorum</span> <span class='ocrx_word' id='word_1_112' title='bbox 1634 1125 1708 1194; x_wconf 92' lang='lat' dir='ltr'>otio</span> <span class='ocrx_word' id='word_1_113' title='bbox 1737 1172 1749 1206; x_wconf 88' lang='lat'>‚</span> 
     </span>
     <span class='ocr_line' id='line_1_11' title="bbox 176 1205 1753 1318; baseline -0.009 -19"><span class='ocrx_word' id='word_1_114' title='bbox 176 1269 200 1310; x_wconf 88' lang='lat'>„</span> <span class='ocrx_word' id='word_1_115' title='bbox 220 1232 255 1298; x_wconf 79' lang='lat' dir='ltr'>de</span> <span class='ocrx_word' id='word_1_116' title='bbox 275 1224 493 1318; x_wconf 68' lang='lat' dir='ltr'><strong>disputationi</strong></span> <span class='ocrx_word' id='word_1_117' title='bbox 514 1217 666 1304; x_wconf 86' lang='lat' dir='ltr'>consulto</span> <span class='ocrx_word' id='word_1_118' title='bbox 686 1209 916 1300; x_wconf 81' lang='lat' dir='ltr'>reliquerunt,</span> <span class='ocrx_word' id='word_1_119' title='bbox 932 1205 1029 1314; x_wconf 78' lang='lat' dir='ltr'>&amp;ad</span> <span class='ocrx_word' id='word_1_120' title='bbox 1050 1207 1255 1296; x_wconf 81' lang='lat' dir='ltr'>llantendum</span> <span class='ocrx_word' id='word_1_121' title='bbox 1275 1209 1441 1298; x_wconf 80' lang='lat' dir='ltr'>utiliffima</span> <span class='ocrx_word' id='word_1_122' title='bbox 1461 1214 1591 1284; x_wconf 85' lang='lat' dir='ltr'>decreta</span> <span class='ocrx_word' id='word_1_123' title='bbox 1603 1211 1753 1288; x_wconf 75' lang='lat' dir='ltr'>culmum</span> 
     </span>
     <span class='ocr_line' id='line_1_12' title="bbox 177 1311 1389 1410; baseline -0.01 -21"><span class='ocrx_word' id='word_1_124' title='bbox 177 1339 263 1408; x_wconf 77' lang='lat' dir='ltr'>„ap</span> <span class='ocrx_word' id='word_1_125' title='bbox 286 1316 491 1391; x_wconf 82' lang='lat' dir='ltr'>litaverunt.</span> <span class='ocrx_word' id='word_1_126' title='bbox 815 1311 820 1321; x_wconf 87' lang='lat'><em>&#39;</em></span> <span class='ocrx_word' id='word_1_127' title='bbox 885 1388 894 1406; x_wconf 38' lang='lat'>⁸</span> <span class='ocrx_word' id='word_1_128' title='bbox 929 1401 935 1408; x_wconf 27' lang='grc' dir='ltr'>Ι</span> <span class='ocrx_word' id='word_1_129' title='bbox 1274 1387 1283 1408; x_wconf 88' lang='lat'><strong>.</strong></span> <span class='ocrx_word' id='word_1_130' title='bbox 1347 1391 1389 1410; x_wconf 85' lang='lat'>..</span> 
     </span>
     <span class='ocr_line' id='line_1_13' title="bbox 173 1383 1753 1580; baseline -0.013 -11"><span class='ocrx_word' id='word_1_131' title='bbox 173 1507 199 1580; x_wconf 89' lang='lat'>-‚‚</span> <span class='ocrx_word' id='word_1_132' title='bbox 216 1453 275 1566; x_wconf 79' lang='grc' dir='ltr'>ιι</span> <span class='ocrx_word' id='word_1_133' title='bbox 295 1385 948 1574; x_wconf 50' lang='lat' dir='ltr'>accurrentibus</span> <span class='ocrx_word' id='word_1_134' title='bbox 963 1383 1753 1566; x_wconf 64' lang='grc' dir='ltr'>ιιιι·,.“ιιι,ιιιιιιιι</span> 
     </span>
     <span class='ocr_line' id='line_1_14' title="bbox 173 1501 1752 1673; baseline -0.013 -14"><span class='ocrx_word' id='word_1_135' title='bbox 173 1579 205 1666; x_wconf 59' lang='lat' dir='ltr'>a,</span> <span class='ocrx_word' id='word_1_136' title='bbox 223 1604 276 1655; x_wconf 86' lang='lat' dir='ltr'>am</span> <span class='ocrx_word' id='word_1_137' title='bbox 298 1576 383 1655; x_wconf 87' lang='lat' dir='ltr'>hanc</span> <span class='ocrx_word' id='word_1_138' title='bbox 404 1585 513 1653; x_wconf 88' lang='lat' dir='ltr'>minus</span> <span class='ocrx_word' id='word_1_139' title='bbox 530 1595 642 1649; x_wconf 90' lang='lat' dir='ltr'>veram</span> <span class='ocrx_word' id='word_1_140' title='bbox 664 1619 676 1654; x_wconf 96' lang='lat'>,</span> <span class='ocrx_word' id='word_1_141' title='bbox 706 1565 760 1673; x_wconf 76' lang='lat' dir='ltr'>yel</span> <span class='ocrx_word' id='word_1_142' title='bbox 782 1585 870 1636; x_wconf 91' lang='lat' dir='ltr'>certe</span> <span class='ocrx_word' id='word_1_143' title='bbox 892 1585 960 1652; x_wconf 80' lang='lat' dir='ltr'>eJus</span> <span class='ocrx_word' id='word_1_144' title='bbox 983 1563 1183 1637; x_wconf 75' lang='lat' dir='ltr'>sanctionem</span> <span class='ocrx_word' id='word_1_145' title='bbox 1205 1501 1400 1654; x_wconf 58' lang='lat' dir='ltr'>superfluam</span> <span class='ocrx_word' id='word_1_146' title='bbox 1419 1565 1600 1656; x_wconf 66' lang='lat' dir='ltr'>iudicatam</span> <span class='ocrx_word' id='word_1_147' title='bbox 1632 1616 1642 1638; x_wconf 88' lang='lat'><strong><em>.</em></strong></span> <span class='ocrx_word' id='word_1_148' title='bbox 1678 1567 1752 1639; x_wconf 84' lang='lat' dir='ltr'>Prs-</span> 
     </span>
     <span class='ocr_line' id='line_1_15' title="bbox 174 1650 1752 1758; baseline -0.009 -14"><span class='ocrx_word' id='word_1_149' title='bbox 174 1717 202 1754; x_wconf 91' lang='lat'>„</span> <span class='ocrx_word' id='word_1_150' title='bbox 224 1693 316 1742; x_wconf 82' lang='lat' dir='ltr'>munt</span> <span class='ocrx_word' id='word_1_151' title='bbox 337 1667 472 1758; x_wconf 72' lang='lat' dir='ltr'>Befilr‘us</span> <span class='ocrx_word' id='word_1_152' title='bbox 496 1671 561 1750; x_wconf 68' lang='grc' dir='ltr'>,ἃ</span> <span class='ocrx_word' id='word_1_153' title='bbox 582 1671 752 1746; x_wconf 73' lang='lat' dir='ltr'>Gregorius</span> <span class='ocrx_word' id='word_1_154' title='bbox 773 1650 954 1740; x_wconf 79' lang='lat' dir='ltr'>Theologus-</span> <span class='ocrx_word' id='word_1_155' title='bbox 973 1652 1125 1724; x_wconf 77' lang='lat' dir='ltr'>authores</span> <span class='ocrx_word' id='word_1_156' title='bbox 1148 1653 1221 1723; x_wconf 90' lang='lat' dir='ltr'>sunt</span> <span class='ocrx_word' id='word_1_157' title='bbox 1245 1703 1256 1736; x_wconf 93' lang='lat'>,</span> <span class='ocrx_word' id='word_1_158' title='bbox 1289 1653 1466 1726; x_wconf 82' lang='lat' dir='ltr'>Ecclefiarn</span> <span class='ocrx_word' id='word_1_159' title='bbox 1496 1679 1563 1728; x_wconf 92' lang='lat' dir='ltr'>non</span> <span class='ocrx_word' id='word_1_160' title='bbox 1590 1659 1752 1730; x_wconf 89' lang='lat' dir='ltr'>continuo</span> 
     </span>
     <span class='ocr_line' id='line_1_16' title="bbox 176 1737 1752 1839; baseline -0.009 -9"><span class='ocrx_word' id='word_1_161' title='bbox 176 1801 202 1839; x_wconf 81' lang='lat'>‚,</span> <span class='ocrx_word' id='word_1_162' title='bbox 223 1756 409 1837; x_wconf 80' lang='lat' dir='ltr'>universam</span> <span class='ocrx_word' id='word_1_163' title='bbox 431 1752 508 1823; x_wconf 81' lang='lat' dir='ltr'>fidei</span> <span class='ocrx_word' id='word_1_164' title='bbox 530 1745 738 1835; x_wconf 80' lang='lat' dir='ltr'>disciplinam</span> <span class='ocrx_word' id='word_1_165' title='bbox 761 1744 949 1831; x_wconf 78' lang='lat' dir='ltr'>percipere,</span> <span class='ocrx_word' id='word_1_166' title='bbox 974 1737 1028 1812; x_wconf 89' lang='lat' dir='ltr'>sed</span> <span class='ocrx_word' id='word_1_167' title='bbox 1075 1737 1211 1812; x_wconf 87' lang='lat' dir='ltr'>aulatim</span> <span class='ocrx_word' id='word_1_168' title='bbox 1234 1761 1297 1831; x_wconf 90' lang='lat' dir='ltr'>pro</span> <span class='ocrx_word' id='word_1_169' title='bbox 1319 1749 1506 1832; x_wconf 84' lang='lat' dir='ltr'>temporum</span> <span class='ocrx_word' id='word_1_170' title='bbox 1529 1741 1752 1816; x_wconf 77' lang='lat' dir='ltr'>necellitatea</span> 
     </span>
     <span class='ocr_line' id='line_1_17' title="bbox 174 1761 1753 1928; baseline -0.006 -17"><span class='ocrx_word' id='word_1_171' title='bbox 174 1884 197 1922; x_wconf 88' lang='lat'>„</span> <span class='ocrx_word' id='word_1_172' title='bbox 220 1841 339 1928; x_wconf 88' lang='lat' dir='ltr'>spiritu</span> <span class='ocrx_word' id='word_1_173' title='bbox 360 1839 472 1913; x_wconf 74' lang='lat' dir='ltr'>sansto</span> <span class='ocrx_word' id='word_1_174' title='bbox 492 1836 637 1911; x_wconf 86' lang='lat' dir='ltr'>inslitui.</span> <span class='ocrx_word' id='word_1_175' title='bbox 660 1833 774 1918; x_wconf 68' lang='lat' dir='ltr'>Quare</span> <span class='ocrx_word' id='word_1_176' title='bbox 798 1832 918 1900; x_wconf 88' lang='lat' dir='ltr'>mirum</span> <span class='ocrx_word' id='word_1_177' title='bbox 940 1841 1013 1898; x_wconf 83' lang='lat' dir='ltr'>non·</span> <span class='ocrx_word' id='word_1_178' title='bbox 1028 1761 1125 1912; x_wconf 53' lang='lat' dir='ltr'>eset,</span> <span class='ocrx_word' id='word_1_179' title='bbox 1148 1823 1171 1898; x_wconf 80' lang='lat' dir='ltr'>si</span> <span class='ocrx_word' id='word_1_180' title='bbox 1191 1831 1237 1898; x_wconf 86' lang='lat' dir='ltr'>iis</span> <span class='ocrx_word' id='word_1_181' title='bbox 1268 1828 1413 1902; x_wconf 85' lang='lat' dir='ltr'>eslremis</span> <span class='ocrx_word' id='word_1_182' title='bbox 1444 1831 1648 1920; x_wconf 84' lang='lat' dir='ltr'>temporibus</span> <span class='ocrx_word' id='word_1_183' title='bbox 1678 1833 1753 1902; x_wconf 78' lang='lat' dir='ltr'>Do-</span> 
     </span>
     <span class='ocr_line' id='line_1_18' title="bbox 176 1913 1754 2014; baseline -0.006 -18"><span class='ocrx_word' id='word_1_184' title='bbox 176 1972 201 2009; x_wconf 90' lang='lat'>„</span> <span class='ocrx_word' id='word_1_185' title='bbox 222 1928 330 1997; x_wconf 88' lang='lat' dir='ltr'>minus</span> <span class='ocrx_word' id='word_1_186' title='bbox 351 1923 481 2010; x_wconf 81' lang='lat' dir='ltr'>noller,</span> <span class='ocrx_word' id='word_1_187' title='bbox 502 1928 561 2014; x_wconf 86' lang='lat' dir='ltr'>qui</span> <span class='ocrx_word' id='word_1_188' title='bbox 585 1921 616 1991; x_wconf 91' lang='lat' dir='ltr'>se</span> <span class='ocrx_word' id='word_1_189' title='bbox 638 1918 809 1995; x_wconf 88' lang='lat' dir='ltr'>nobiscum</span> <span class='ocrx_word' id='word_1_190' title='bbox 831 1914 978 1988; x_wconf 82' lang='lat' dir='ltr'>suturam</span> <span class='ocrx_word' id='word_1_191' title='bbox 999 1913 1100 2006; x_wconf 89' lang='lat' dir='ltr'>usque</span> <span class='ocrx_word' id='word_1_192' title='bbox 1121 1914 1173 2001; x_wconf 64' lang='lat' dir='ltr'>ad,</span> <span class='ocrx_word' id='word_1_193' title='bbox 1194 1913 1509 1990; x_wconf 85' lang='lat' dir='ltr'>consummationem</span> <span class='ocrx_word' id='word_1_194' title='bbox 1543 1917 1639 1991; x_wconf 91' lang='lat' dir='ltr'>seculi</span> <span class='ocrx_word' id='word_1_195' title='bbox 1672 1941 1754 2010; x_wconf 88' lang='lat' dir='ltr'>pto-</span> 
     </span>
     <span class='ocr_line' id='line_1_19' title="bbox 175 2001 1753 2098; baseline -0.004 -16"><span class='ocrx_word' id='word_1_196' title='bbox 175 2054 200 2096; x_wconf 87' lang='lat'><strong>„</strong></span> <span class='ocrx_word' id='word_1_197' title='bbox 221 2010 329 2097; x_wconf 83' lang='lat' dir='ltr'>mibt,</span> <span class='ocrx_word' id='word_1_198' title='bbox 352 2015 463 2098; x_wconf 86' lang='lat' dir='ltr'>aliqua</span> <span class='ocrx_word' id='word_1_199' title='bbox 486 2007 650 2083; x_wconf 75' lang='lat' dir='ltr'>Ecclesiae</span> <span class='ocrx_word' id='word_1_200' title='bbox 672 2005 859 2087; x_wconf 90' lang='lat' dir='ltr'>indicaret,</span> <span class='ocrx_word' id='word_1_201' title='bbox 881 2007 916 2072; x_wconf 79' lang='lat' dir='ltr'>dt</span> <span class='ocrx_word' id='word_1_202' title='bbox 938 2001 1159 2092; x_wconf 75' lang='lat' dir='ltr'>patefaceret,</span> <span class='ocrx_word' id='word_1_203' title='bbox 1208 2025 1256 2076; x_wconf 68' lang='lat' dir='ltr'>ne</span> <span class='ocrx_word' id='word_1_204' title='bbox 1269 2005 1420 2078; x_wconf 87' lang='lat' dir='ltr'>olimnon</span> <span class='ocrx_word' id='word_1_205' title='bbox 1438 2009 1488 2079; x_wconf 89' lang='lat' dir='ltr'>ita</span> <span class='ocrx_word' id='word_1_206' title='bbox 1498 2007 1662 2097; x_wconf 84' lang='lat' dir='ltr'>explicata</span> <span class='ocrx_word' id='word_1_207' title='bbox 1682 2003 1753 2080; x_wconf 84' lang='lat' dir='ltr'>sue·</span> 
     </span>
     <span class='ocr_line' id='line_1_20' title="bbox 174 2085 1755 2186; baseline -0.006 -7"><span class='ocrx_word' id='word_1_208' title='bbox 174 2142 198 2181; x_wconf 69' lang='lat' dir='ltr'>a,</span> <span class='ocrx_word' id='word_1_209' title='bbox 220 2115 322 2182; x_wconf 90' lang='lat' dir='ltr'>tunt,·</span> <span class='ocrx_word' id='word_1_210' title='bbox 344 2097 473 2170; x_wconf 82' lang='lat' dir='ltr'>Deinde</span> <span class='ocrx_word' id='word_1_211' title='bbox 497 2095 657 2169; x_wconf 87' lang='lat' dir='ltr'>affirmare</span> <span class='ocrx_word' id='word_1_212' title='bbox 680 2089 867 2179; x_wconf 86' lang='lat' dir='ltr'>possumus,</span> <span class='ocrx_word' id='word_1_213' title='bbox 890 2087 956 2158; x_wconf 92' lang='lat' dir='ltr'>hoe</span> <span class='ocrx_word' id='word_1_214' title='bbox 978 2093 1027 2160; x_wconf 90' lang='lat' dir='ltr'>ita</span> <span class='ocrx_word' id='word_1_215' title='bbox 1049 2107 1177 2162; x_wconf 91' lang='lat' dir='ltr'>eertum</span> <span class='ocrx_word' id='word_1_216' title='bbox 1213 2085 1290 2164; x_wconf 75' lang='lat' dir='ltr'>uisse</span> <span class='ocrx_word' id='word_1_217' title='bbox 1321 2095 1390 2165; x_wconf 87' lang='lat' dir='ltr'>illis</span> <span class='ocrx_word' id='word_1_218' title='bbox 1421 2091 1537 2184; x_wconf 77' lang='lat' dir='ltr'>priscis</span> <span class='ocrx_word' id='word_1_219' title='bbox 1568 2093 1717 2186; x_wconf 84' lang='lat' dir='ltr'>patribus</span> <span class='ocrx_word' id='word_1_220' title='bbox 1739 2113 1755 2178; x_wconf 87' lang='lat'>,&#39;</span> 
     </span>
     <span class='ocr_line' id='line_1_21' title="bbox 172 2177 1750 2275; baseline -0.004 -15"><span class='ocrx_word' id='word_1_221' title='bbox 172 2230 197 2270; x_wconf 65' lang='grc' dir='ltr'>ι,</span> <span class='ocrx_word' id='word_1_222' title='bbox 219 2203 258 2259; x_wconf 85' lang='grc' dir='ltr'>ιιι</span> <span class='ocrx_word' id='word_1_223' title='bbox 279 2184 321 2255; x_wconf 93' lang='lat' dir='ltr'>de</span> <span class='ocrx_word' id='word_1_224' title='bbox 339 2207 382 2258; x_wconf 92' lang='lat' dir='ltr'>eo</span> <span class='ocrx_word' id='word_1_225' title='bbox 402 2185 555 2258; x_wconf 89' lang='lat' dir='ltr'>dubitare</span> <span class='ocrx_word' id='word_1_226' title='bbox 576 2205 621 2253; x_wconf 92' lang='lat' dir='ltr'>nu</span> <span class='ocrx_word' id='word_1_227' title='bbox 669 2201 744 2249; x_wconf 88' lang='lat' dir='ltr'>uam</span> <span class='ocrx_word' id='word_1_228' title='bbox 765 2177 807 2248; x_wconf 89' lang='lat' dir='ltr'>iis</span> <span class='ocrx_word' id='word_1_229' title='bbox 829 2180 865 2245; x_wconf 93' lang='lat' dir='ltr'>ln</span> <span class='ocrx_word' id='word_1_230' title='bbox 888 2192 1032 2248; x_wconf 88' lang='lat' dir='ltr'>mentem</span> <span class='ocrx_word' id='word_1_231' title='bbox 1053 2181 1178 2250; x_wconf 85' lang='lat' dir='ltr'>venerit</span> <span class='ocrx_word' id='word_1_232' title='bbox 1190 2200 1205 2262; x_wconf 91' lang='lat'>,·</span> <span class='ocrx_word' id='word_1_233' title='bbox 1226 2197 1410 2262; x_wconf 84' lang='lat' dir='ltr'>tantumre</span> <span class='ocrx_word' id='word_1_234' title='bbox 1430 2187 1465 2253; x_wconf 74' lang='grc' dir='ltr'>δι</span> <span class='ocrx_word' id='word_1_235' title='bbox 1488 2181 1583 2256; x_wconf 74' lang='lat' dir='ltr'>fastis</span> <span class='ocrx_word' id='word_1_236' title='bbox 1594 2181 1630 2256; x_wconf 89' lang='lat' dir='ltr'>id</span> <span class='ocrx_word' id='word_1_237' title='bbox 1652 2206 1750 2275; x_wconf 88' lang='lat' dir='ltr'>prae·</span> 
     </span>
     <span class='ocr_line' id='line_1_22' title="bbox 173 2257 1751 2366; baseline -0.003 -19"><span class='ocrx_word' id='word_1_238' title='bbox 173 2271 377 2358; x_wconf 54' lang='lat' dir='ltr'>astabant,</span> <span class='ocrx_word' id='word_1_239' title='bbox 405 2273 497 2366; x_wconf 87' lang='lat' dir='ltr'>quod</span> <span class='ocrx_word' id='word_1_240' title='bbox 520 2269 622 2343; x_wconf 88' lang='lat' dir='ltr'>sabia</span> <span class='ocrx_word' id='word_1_241' title='bbox 703 2267 796 2337; x_wconf 86' lang='lat' dir='ltr'>mino</span> <span class='ocrx_word' id='word_1_242' title='bbox 826 2261 1017 2336; x_wconf 86' lang='lat' dir='ltr'>mandatum</span> <span class='ocrx_word' id='word_1_243' title='bbox 1039 2257 1102 2334; x_wconf 86' lang='lat' dir='ltr'>esse</span> <span class='ocrx_word' id='word_1_244' title='bbox 1124 2263 1300 2354; x_wconf 74' lang='lat' dir='ltr'>sciebant,</span> <span class='ocrx_word' id='word_1_245' title='bbox 1333 2287 1451 2344; x_wconf 80' lang='lat' dir='ltr'>contra</span> <span class='ocrx_word' id='word_1_246' title='bbox 1473 2293 1552 2342; x_wconf 83' lang='lat' dir='ltr'>vero</span> <span class='ocrx_word' id='word_1_247' title='bbox 1574 2292 1630 2344; x_wconf 83' lang='lat' dir='ltr'>eos</span> <span class='ocrx_word' id='word_1_248' title='bbox 1655 2318 1668 2357; x_wconf 95' lang='lat'>,</span> <span class='ocrx_word' id='word_1_249' title='bbox 1688 2275 1751 2366; x_wconf 87' lang='lat' dir='ltr'>qui</span> 
     </span>
     <span class='ocr_line' id='line_1_23' title="bbox 173 2351 1750 2452; baseline -0.008 -17"><span class='ocrx_word' id='word_1_250' title='bbox 173 2405 197 2445; x_wconf 65' lang='grc' dir='ltr'>ι,</span> <span class='ocrx_word' id='word_1_251' title='bbox 217 2361 421 2452; x_wconf 75' lang='lat' dir='ltr'>negligenter</span> <span class='ocrx_word' id='word_1_252' title='bbox 441 2359 557 2432; x_wconf 85' lang='lat' dir='ltr'>officio</span> <span class='ocrx_word' id='word_1_253' title='bbox 576 2355 819 2444; x_wconf 84' lang='lat' dir='ltr'>fungebantur,</span> <span class='ocrx_word' id='word_1_254' title='bbox 841 2373 895 2422; x_wconf 85' lang='lat' dir='ltr'>eas</span> <span class='ocrx_word' id='word_1_255' title='bbox 914 2372 1036 2442; x_wconf 87' lang='lat' dir='ltr'>poenas</span> <span class='ocrx_word' id='word_1_256' title='bbox 1056 2351 1273 2438; x_wconf 85' lang='lat' dir='ltr'>statuebant,</span> <span class='ocrx_word' id='word_1_257' title='bbox 1317 2379 1373 2430; x_wconf 84' lang='lat' dir='ltr'>uas</span> <span class='ocrx_word' id='word_1_258' title='bbox 1394 2381 1466 2430; x_wconf 85' lang='lat' dir='ltr'>mos</span> <span class='ocrx_word' id='word_1_259' title='bbox 1499 2356 1564 2431; x_wconf 90' lang='lat' dir='ltr'>suit</span> <span class='ocrx_word' id='word_1_260' title='bbox 1586 2357 1689 2432; x_wconf 86' lang='lat' dir='ltr'>statui</span> <span class='ocrx_word' id='word_1_261' title='bbox 1713 2363 1750 2430; x_wconf 81' lang='lat' dir='ltr'>in</span> 
     </span>
     <span class='ocr_line' id='line_1_24' title="bbox 173 2379 1749 2543; baseline -0.009 -21"><span class='ocrx_word' id='word_1_262' title='bbox 173 2492 196 2532; x_wconf 81' lang='lat'>‚,</span> <span class='ocrx_word' id='word_1_263' title='bbox 218 2471 295 2534; x_wconf 80' lang='lat' dir='ltr'>eos,</span> <span class='ocrx_word' id='word_1_264' title='bbox 314 2453 373 2538; x_wconf 86' lang='lat' dir='ltr'>qui</span> <span class='ocrx_word' id='word_1_265' title='bbox 396 2450 462 2521; x_wconf 90' lang='lat' dir='ltr'>Dei</span> <span class='ocrx_word' id='word_1_266' title='bbox 484 2449 592 2536; x_wconf 85' lang='lat' dir='ltr'>legem</span> <span class='ocrx_word' id='word_1_267' title='bbox 613 2445 795 2514; x_wconf 84' lang='lat' dir='ltr'>violarent.</span> <span class='ocrx_word' id='word_1_268' title='bbox 818 2441 935 2543; x_wconf 75' lang='lat' dir='ltr'>Itaque</span> <span class='ocrx_word' id='word_1_269' title='bbox 955 2439 1205 2529; x_wconf 87' lang='lat' dir='ltr'>deponebantur</span> <span class='ocrx_word' id='word_1_270' title='bbox 1227 2379 1352 2532; x_wconf 63' lang='lat' dir='ltr'>Episco</span> <span class='ocrx_word' id='word_1_271' title='bbox 1377 2448 1420 2530; x_wconf 91' lang='lat' dir='ltr'>i,</span> <span class='ocrx_word' id='word_1_272' title='bbox 1451 2450 1486 2517; x_wconf 79' lang='lat' dir='ltr'>dc</span> <span class='ocrx_word' id='word_1_273' title='bbox 1507 2471 1525 2518; x_wconf 91' lang='lat' dir='ltr'>a</span> <span class='ocrx_word' id='word_1_274' title='bbox 1548 2466 1645 2523; x_wconf 90' lang='lat' dir='ltr'>coetu</span> <span class='ocrx_word' id='word_1_275' title='bbox 1667 2443 1749 2521; x_wconf 64' lang='lat' dir='ltr'>fide.</span> 
     </span>
     <span class='ocr_line' id='line_1_25' title="bbox 174 2469 1759 2622; baseline -0.006 -12"><span class='ocrx_word' id='word_1_276' title='bbox 174 2567 198 2622; x_wconf 85' lang='lat'>·‚,</span> <span class='ocrx_word' id='word_1_277' title='bbox 219 2539 302 2609; x_wconf 89' lang='lat' dir='ltr'>lium</span> <span class='ocrx_word' id='word_1_278' title='bbox 324 2535 596 2614; x_wconf 80' lang='lat' dir='ltr'>removebantur,</span> <span class='ocrx_word' id='word_1_279' title='bbox 618 2531 752 2602; x_wconf 87' lang='lat' dir='ltr'>siultta</span> <span class='ocrx_word' id='word_1_280' title='bbox 774 2525 949 2621; x_wconf 72' lang='lat' dir='ltr'>definitum</span> <span class='ocrx_word' id='word_1_281' title='bbox 968 2545 1119 2616; x_wconf 86' lang='lat' dir='ltr'>tempus,</span> <span class='ocrx_word' id='word_1_282' title='bbox 1166 2529 1232 2601; x_wconf 86' lang='lat' dir='ltr'>uod</span> <span class='ocrx_word' id='word_1_283' title='bbox 1254 2551 1323 2602; x_wconf 89' lang='lat' dir='ltr'>erat</span> <span class='ocrx_word' id='word_1_284' title='bbox 1346 2469 1589 2618; x_wconf 58' lang='lat' dir='ltr'>greviffimum,</span> <span class='ocrx_word' id='word_1_285' title='bbox 1612 2536 1653 2608; x_wconf 89' lang='lat' dir='ltr'>ab</span> <span class='ocrx_word' id='word_1_286' title='bbox 1678 2537 1759 2612; x_wconf 67' lang='lat' dir='ltr'>lic.¹</span> 
     </span>
     <span class='ocr_line' id='line_1_26' title="bbox 173 2552 1748 2717; baseline -0.001 -21"><span class='ocrx_word' id='word_1_287' title='bbox 173 2670 200 2709; x_wconf 86' lang='lat'><strong>„</strong></span> <span class='ocrx_word' id='word_1_288' title='bbox 221 2621 325 2696; x_wconf 87' lang='lat' dir='ltr'>clesais</span> <span class='ocrx_word' id='word_1_289' title='bbox 346 2625 508 2703; x_wconf 76' lang='lat' dir='ltr'>aberantr</span> <span class='ocrx_word' id='word_1_290' title='bbox 526 2643 592 2709; x_wconf 80' lang='lat' dir='ltr'>qua</span> <span class='ocrx_word' id='word_1_291' title='bbox 614 2617 784 2687; x_wconf 82' lang='lat' dir='ltr'>severitate</span> <span class='ocrx_word' id='word_1_292' title='bbox 805 2635 872 2681; x_wconf 87' lang='lat' dir='ltr'>non</span> <span class='ocrx_word' id='word_1_293' title='bbox 892 2607 995 2717; x_wconf 69' lang='lat' dir='ltr'>fisent</span> <span class='ocrx_word' id='word_1_294' title='bbox 1017 2609 1063 2684; x_wconf 86' lang='lat' dir='ltr'>ust</span> <span class='ocrx_word' id='word_1_295' title='bbox 1086 2617 1122 2684; x_wconf 91' lang='lat' dir='ltr'>in</span> <span class='ocrx_word' id='word_1_296' title='bbox 1140 2552 1325 2706; x_wconf 53' lang='lat' dir='ltr'>{piscopos</span> <span class='ocrx_word' id='word_1_297' title='bbox 1346 2668 1358 2704; x_wconf 92' lang='lat'>,</span> <span class='ocrx_word' id='word_1_298' title='bbox 1380 2623 1442 2712; x_wconf 90' lang='lat' dir='ltr'>qui</span> <span class='ocrx_word' id='word_1_299' title='bbox 1472 2641 1602 2695; x_wconf 86' lang='lat' dir='ltr'>tantuna</span> <span class='ocrx_word' id='word_1_300' title='bbox 1627 2623 1748 2697; x_wconf 83' lang='lat' dir='ltr'>Eccle-</span> 
     </span>
     <span class='ocr_line' id='line_1_27' title="bbox 175 2697 1748 2797; baseline -0.001 -16"><span class='ocrx_word' id='word_1_301' title='bbox 175 2754 200 2797; x_wconf 91' lang='lat'>„</span> <span class='ocrx_word' id='word_1_302' title='bbox 222 2709 412 2784; x_wconf 78' lang='lat' dir='ltr'>stalliearnl</span> <span class='ocrx_word' id='word_1_303' title='bbox 455 2732 506 2780; x_wconf 88' lang='lat' dir='ltr'>em</span> <span class='ocrx_word' id='word_1_304' title='bbox 528 2701 719 2785; x_wconf 78' lang='lat' dir='ltr'>violassent,</span> <span class='ocrx_word' id='word_1_305' title='bbox 740 2698 793 2770; x_wconf 86' lang='lat' dir='ltr'>sed</span> <span class='ocrx_word' id='word_1_306' title='bbox 814 2718 918 2770; x_wconf 83' lang='lat' dir='ltr'>etevat</span> <span class='ocrx_word' id='word_1_307' title='bbox 938 2701 974 2770; x_wconf 91' lang='lat' dir='ltr'>ln</span> <span class='ocrx_word' id='word_1_308' title='bbox 995 2697 1144 2773; x_wconf 72' lang='lat' dir='ltr'>Ecclesia</span> <span class='ocrx_word' id='word_1_309' title='bbox 1167 2707 1270 2776; x_wconf 85' lang='lat' dir='ltr'>veteri</span> <span class='ocrx_word' id='word_1_310' title='bbox 1292 2706 1471 2796; x_wconf 89' lang='lat' dir='ltr'>aliquando</span> <span class='ocrx_word' id='word_1_311' title='bbox 1493 2708 1557 2781; x_wconf 88' lang='lat' dir='ltr'>boe</span> <span class='ocrx_word' id='word_1_312' title='bbox 1580 2711 1705 2784; x_wconf 86' lang='lat' dir='ltr'>malum</span> <span class='ocrx_word' id='word_1_313' title='bbox 1738 2736 1748 2780; x_wconf 86' lang='lat' dir='ltr'>t</span> 
     </span>
    </p>
   </div>
   <div class='ocr_carea' id='block_1_3' title="bbox 89 2733 1759 4912">
    <p class='ocr_par' dir='ltr' id='par_1_3' title="bbox 89 2733 1759 4912">
     <span class='ocr_line' id='line_1_28' title="bbox 173 2733 1750 2945; baseline -0.001 -75"><span class='ocrx_word' id='word_1_314' title='bbox 173 2841 199 2883; x_wconf 86' lang='lat'>‚,</span> <span class='ocrx_word' id='word_1_315' title='bbox 221 2797 316 2906; x_wconf 58' lang='lat' dir='ltr'>llam</span> <span class='ocrx_word' id='word_1_316' title='bbox 336 2733 497 2870; x_wconf 53' lang='lat' dir='ltr'>Pontlbce</span> <span class='ocrx_word' id='word_1_317' title='bbox 518 2789 677 2880; x_wconf 76' lang='lat' dir='ltr'>Damaso,</span> <span class='ocrx_word' id='word_1_318' title='bbox 700 2787 890 2864; x_wconf 84' lang='lat' dir='ltr'>luxuriante</span> <span class='ocrx_word' id='word_1_319' title='bbox 903 2786 1041 2944; x_wconf 30' lang='lat' dir='ltr'>‘estedffi</span> <span class='ocrx_word' id='word_1_320' title='bbox 1065 2786 1211 2945; x_wconf 51' lang='grc' dir='ltr'>Ειὲςίῑι</span> <span class='ocrx_word' id='word_1_321' title='bbox 1232 2793 1336 2896; x_wconf 83' lang='lat' dir='ltr'>nimia</span> <span class='ocrx_word' id='word_1_322' title='bbox 1356 2794 1481 2866; x_wconf 87' lang='lat' dir='ltr'>laetitia</span> <span class='ocrx_word' id='word_1_323' title='bbox 1506 2845 1517 2880; x_wconf 93' lang='lat'>,</span> <span class='ocrx_word' id='word_1_324' title='bbox 1563 2820 1640 2870; x_wconf 87' lang='lat' dir='ltr'>uam</span> <span class='ocrx_word' id='word_1_325' title='bbox 1658 2799 1750 2888; x_wconf 87' lang='lat' dir='ltr'>prin-</span> 
     </span>
     <span class='ocr_line' id='line_1_29' title="bbox 174 2876 1747 3072; baseline 0.003 -31"><span class='ocrx_word' id='word_1_326' title='bbox 174 2926 199 3062; x_wconf 76' lang='lat'>33</span> <span class='ocrx_word' id='word_1_327' title='bbox 219 2876 1747 3072; x_wconf 48' lang='lat' dir='ltr'>illunntlit‘itiaii’t‘lisinistrius,¹¹3”iiliittli‘iiallit</span> 
     </span>
     <span class='ocr_line' id='line_1_30' title="bbox 174 3051 1749 3218; baseline -0.002 -85"><span class='ocrx_word' id='word_1_328' title='bbox 174 3104 198 3147; x_wconf 87' lang='lat'>‚,</span> <span class='ocrx_word' id='word_1_329' title='bbox 220 3085 365 3152; x_wconf 87' lang='lat' dir='ltr'>quorum</span> <span class='ocrx_word' id='word_1_330' title='bbox 395 3052 888 3218; x_wconf 47' lang='lat' dir='ltr'>neglifeneiamyegnmendan</span> <span class='ocrx_word' id='word_1_331' title='bbox 911 3051 1068 3178; x_wconf 60' lang='lat' dir='ltr'>pervasas</span> <span class='ocrx_word' id='word_1_332' title='bbox 1099 3053 1226 3127; x_wconf 90' lang='lat' dir='ltr'>nullam</span> <span class='ocrx_word' id='word_1_333' title='bbox 1246 3057 1409 3130; x_wconf 86' lang='lat' dir='ltr'>tationem</span> <span class='ocrx_word' id='word_1_334' title='bbox 1438 3059 1599 3166; x_wconf 72' lang='lat' dir='ltr'>radicavit</span> <span class='ocrx_word' id='word_1_335' title='bbox 1628 3061 1749 3165; x_wconf 77' lang='lat' dir='ltr'>utilio-</span> 
     </span>
     <span class='ocr_line' id='line_1_31' title="bbox 174 3139 1748 3334; baseline -0.008 -26"><span class='ocrx_word' id='word_1_336' title='bbox 174 3193 200 3323; x_wconf 71' lang='grc' dir='ltr'>ι</span> <span class='ocrx_word' id='word_1_337' title='bbox 219 3139 1593 3334; x_wconf 49' lang='grc' dir='ltr'>ιιι,ιιιιιιι,,ιιιιιιιιιάιιιιιιι</span> <span class='ocrx_word' id='word_1_338' title='bbox 1606 3146 1748 3308; x_wconf 75' lang='grc' dir='ltr'>ιιι</span> 
     </span>
     <span class='ocr_line' id='line_1_32' title="bbox 175 3315 1750 3426; baseline 0.002 -31"><span class='ocrx_word' id='word_1_339' title='bbox 175 3353 199 3412; x_wconf 74' lang='lat'>3,</span> <span class='ocrx_word' id='word_1_340' title='bbox 220 3322 320 3408; x_wconf 89' lang='lat' dir='ltr'>dum,</span> <span class='ocrx_word' id='word_1_341' title='bbox 342 3325 433 3415; x_wconf 86' lang='lat' dir='ltr'>quod</span> <span class='ocrx_word' id='word_1_342' title='bbox 455 3323 545 3396; x_wconf 86' lang='lat' dir='ltr'>idem</span> <span class='ocrx_word' id='word_1_343' title='bbox 567 3337 661 3402; x_wconf 83' lang='lat' dir='ltr'>antea</span> <span class='ocrx_word' id='word_1_344' title='bbox 683 3318 832 3426; x_wconf 66' lang='lat' dir='ltr'>lrbctrtrt</span> <span class='ocrx_word' id='word_1_345' title='bbox 852 3315 1008 3389; x_wconf 76' lang='lat' dir='ltr'>Pontifex</span> <span class='ocrx_word' id='word_1_346' title='bbox 1031 3315 1151 3390; x_wconf 84' lang='lat' dir='ltr'>fecerat</span> <span class='ocrx_word' id='word_1_347' title='bbox 1181 3320 1217 3390; x_wconf 91' lang='lat' dir='ltr'>in</span> <span class='ocrx_word' id='word_1_348' title='bbox 1253 3321 1420 3417; x_wconf 80' lang='lat' dir='ltr'>epistola,</span> <span class='ocrx_word' id='word_1_349' title='bbox 1451 3345 1518 3416; x_wconf 85' lang='lat' dir='ltr'>qua</span> <span class='ocrx_word' id='word_1_350' title='bbox 1538 3319 1750 3398; x_wconf 84' lang='lat' dir='ltr'>confirmavit</span> 
     </span>
     <span class='ocr_line' id='line_1_33' title="bbox 171 3401 1748 3512; baseline -0.001 -28"><span class='ocrx_word' id='word_1_351' title='bbox 171 3451 198 3499; x_wconf 86' lang='lat'>·‚,</span> <span class='ocrx_word' id='word_1_352' title='bbox 219 3411 403 3506; x_wconf 75' lang='lat' dir='ltr'>Episcopus</span> <span class='ocrx_word' id='word_1_353' title='bbox 424 3413 471 3488; x_wconf 89' lang='lat' dir='ltr'>ob</span> <span class='ocrx_word' id='word_1_354' title='bbox 546 3409 751 3512; x_wconf 83' lang='lat' dir='ltr'>esecutionts·</span> <span class='ocrx_word' id='word_1_355' title='bbox 768 3424 894 3478; x_wconf 74' lang='lat' dir='ltr'>metm</span> <span class='ocrx_word' id='word_1_356' title='bbox 924 3411 1077 3498; x_wconf 83' lang='lat' dir='ltr'>proprias</span> <span class='ocrx_word' id='word_1_357' title='bbox 1106 3401 1268 3480; x_wconf 76' lang='lat' dir='ltr'>Ecclesiae</span> <span class='ocrx_word' id='word_1_358' title='bbox 1296 3409 1510 3498; x_wconf 82' lang='lat' dir='ltr'>deserentes;</span> <span class='ocrx_word' id='word_1_359' title='bbox 1543 3409 1748 3506; x_wconf 71' lang='lat' dir='ltr'>Arbanafius</span> 
     </span>
     <span class='ocr_line' id='line_1_34' title="bbox 173 3493 1749 3600; baseline 0.002 -29"><span class='ocrx_word' id='word_1_360' title='bbox 173 3549 198 3587; x_wconf 90' lang='lat'>„</span> <span class='ocrx_word' id='word_1_361' title='bbox 220 3499 409 3574; x_wconf 83' lang='lat' dir='ltr'>Patriareba</span> <span class='ocrx_word' id='word_1_362' title='bbox 430 3510 494 3573; x_wconf 85' lang='lat' dir='ltr'>can</span> <span class='ocrx_word' id='word_1_363' title='bbox 519 3501 630 3572; x_wconf 83' lang='lat' dir='ltr'>antino</span> <span class='ocrx_word' id='word_1_364' title='bbox 681 3509 815 3579; x_wconf 74' lang='lat' dir='ltr'>almas,</span> <span class='ocrx_word' id='word_1_365' title='bbox 835 3517 912 3571; x_wconf 86' lang='lat' dir='ltr'>tum</span> <span class='ocrx_word' id='word_1_366' title='bbox 933 3497 1103 3600; x_wconf 76' lang='lat' dir='ltr'>revocavit</span> <span class='ocrx_word' id='word_1_367' title='bbox 1123 3493 1167 3568; x_wconf 88' lang='lat' dir='ltr'>ad</span> <span class='ocrx_word' id='word_1_368' title='bbox 1188 3493 1352 3571; x_wconf 76' lang='lat' dir='ltr'>Ecclesiae</span> <span class='ocrx_word' id='word_1_369' title='bbox 1373 3497 1587 3594; x_wconf 84' lang='lat' dir='ltr'>Episcopus,</span> <span class='ocrx_word' id='word_1_370' title='bbox 1607 3504 1669 3594; x_wconf 83' lang='lat' dir='ltr'>qul</span> <span class='ocrx_word' id='word_1_371' title='bbox 1691 3499 1749 3574; x_wconf 90' lang='lat' dir='ltr'>de·</span> 
     </span>
     <span class='ocr_line' id='line_1_35' title="bbox 175 3583 1744 3688; baseline 0.002 -27"><span class='ocrx_word' id='word_1_372' title='bbox 175 3639 199 3678; x_wconf 95' lang='lat'>„</span> <span class='ocrx_word' id='word_1_373' title='bbox 221 3587 316 3662; x_wconf 90' lang='lat' dir='ltr'>settis</span> <span class='ocrx_word' id='word_1_374' title='bbox 339 3591 493 3684; x_wconf 78' lang='lat' dir='ltr'>gregibus</span> <span class='ocrx_word' id='word_1_375' title='bbox 523 3591 560 3660; x_wconf 94' lang='lat' dir='ltr'>in</span> <span class='ocrx_word' id='word_1_376' title='bbox 591 3611 632 3657; x_wconf 89' lang='lat' dir='ltr'>co</span> <span class='ocrx_word' id='word_1_377' title='bbox 656 3603 729 3656; x_wconf 90' lang='lat' dir='ltr'>orte</span> <span class='ocrx_word' id='word_1_378' title='bbox 750 3585 963 3688; x_wconf 72' lang='lat' dir='ltr'>imperatores</span> <span class='ocrx_word' id='word_1_379' title='bbox 984 3583 1173 3679; x_wconf 86' lang='lat' dir='ltr'>sedebant,</span> <span class='ocrx_word' id='word_1_380' title='bbox 1202 3587 1250 3656; x_wconf 92' lang='lat' dir='ltr'>nil</span> <span class='ocrx_word' id='word_1_381' title='bbox 1272 3606 1341 3660; x_wconf 91' lang='lat' dir='ltr'>tam</span> <span class='ocrx_word' id='word_1_382' title='bbox 1362 3591 1408 3660; x_wconf 84' lang='lat' dir='ltr'>eia</span> <span class='ocrx_word' id='word_1_383' title='bbox 1430 3612 1476 3680; x_wconf 92' lang='lat' dir='ltr'>op</span> <span class='ocrx_word' id='word_1_384' title='bbox 1524 3588 1586 3664; x_wconf 81' lang='lat' dir='ltr'>suit</span> <span class='ocrx_word' id='word_1_385' title='bbox 1608 3638 1620 3675; x_wconf 92' lang='lat'>,</span> <span class='ocrx_word' id='word_1_386' title='bbox 1642 3611 1744 3680; x_wconf 82' lang='lat' dir='ltr'>quant</span> 
     </span>
     <span class='ocr_line' id='line_1_36' title="bbox 153 3669 1748 3778; baseline -0.001 -27"><span class='ocrx_word' id='word_1_387' title='bbox 153 3702 160 3716; x_wconf 57' lang='lat'><em>*</em></span> <span class='ocrx_word' id='word_1_388' title='bbox 217 3698 428 3770; x_wconf 85' lang='lat' dir='ltr'>praecepntm</span> <span class='ocrx_word' id='word_1_389' title='bbox 452 3677 592 3749; x_wconf 89' lang='lat' dir='ltr'>Domini</span> <span class='ocrx_word' id='word_1_390' title='bbox 612 3721 623 3755; x_wconf 90' lang='lat'>,</span> <span class='ocrx_word' id='word_1_391' title='bbox 643 3677 677 3744; x_wconf 79' lang='lat' dir='ltr'>de</span> <span class='ocrx_word' id='word_1_392' title='bbox 698 3669 811 3744; x_wconf 78' lang='lat' dir='ltr'>druna</span> <span class='ocrx_word' id='word_1_393' title='bbox 833 3669 1014 3778; x_wconf 69' lang='lat' dir='ltr'>matidata.</span> <span class='ocrx_word' id='word_1_394' title='bbox 1048 3674 1161 3764; x_wconf 68' lang='lat' dir='ltr'>Quare</span> <span class='ocrx_word' id='word_1_395' title='bbox 1184 3677 1256 3745; x_wconf 82' lang='lat' dir='ltr'>&amp;a</span> <span class='ocrx_word' id='word_1_396' title='bbox 1326 3697 1442 3748; x_wconf 85' lang='lat' dir='ltr'>verunt</span> <span class='ocrx_word' id='word_1_397' title='bbox 1499 3701 1540 3748; x_wconf 93' lang='lat' dir='ltr'>oc</span> <span class='ocrx_word' id='word_1_398' title='bbox 1563 3681 1748 3750; x_wconf 83' lang='lat' dir='ltr'>remedium</span> 
     </span>
     <span class='ocr_line' id='line_1_37' title="bbox 171 3729 1759 3875; baseline -0.006 -37"><span class='ocrx_word' id='word_1_399' title='bbox 171 3729 211 3862; x_wconf 40' lang='grc' dir='ltr'>ᾖ</span> <span class='ocrx_word' id='word_1_400' title='bbox 244 3762 474 3874; x_wconf 61' lang='lat' dir='ltr'>riserlffatres,</span> <span class='ocrx_word' id='word_1_401' title='bbox 503 3766 721 3875; x_wconf 53' lang='lat' dir='ltr'>liquantum</span> <span class='ocrx_word' id='word_1_402' title='bbox 741 3779 826 3848; x_wconf 89' lang='lat' dir='ltr'>opus</span> <span class='ocrx_word' id='word_1_403' title='bbox 845 3758 934 3846; x_wconf 83' lang='lat' dir='ltr'>suat,</span> <span class='ocrx_word' id='word_1_404' title='bbox 956 3783 996 3831; x_wconf 92' lang='lat' dir='ltr'>eo</span> <span class='ocrx_word' id='word_1_405' title='bbox 1019 3761 1093 3835; x_wconf 92' lang='lat' dir='ltr'>sunt</span> <span class='ocrx_word' id='word_1_406' title='bbox 1116 3759 1212 3834; x_wconf 86' lang='lat' dir='ltr'>usu:</span> <span class='ocrx_word' id='word_1_407' title='bbox 1287 3854 1296 3870; x_wconf 31' lang='grc' dir='ltr'>ι</span> <span class='ocrx_word' id='word_1_408' title='bbox 1379 3763 1403 3836; x_wconf 89' lang='lat' dir='ltr'>si</span> <span class='ocrx_word' id='word_1_409' title='bbox 1438 3761 1522 3836; x_wconf 84' lang='lat' dir='ltr'>hanc</span> <span class='ocrx_word' id='word_1_410' title='bbox 1546 3762 1759 3836; x_wconf 89' lang='lat' dir='ltr'>sententiam.</span> 
     </span>
     <span class='ocr_line' id='line_1_38' title="bbox 169 3843 1744 4042; baseline -0.003 -28"><span class='ocrx_word' id='word_1_411' title='bbox 169 3882 198 4034; x_wconf 75' lang='grc' dir='ltr'>ι</span> <span class='ocrx_word' id='word_1_412' title='bbox 217 3843 1596 4042; x_wconf 71' lang='grc' dir='ltr'>ιιιιιιιιξιιιιιιιιιιιιιιιιιι,ι</span> <span class='ocrx_word' id='word_1_413' title='bbox 1615 3849 1744 4010; x_wconf 69' lang='grc' dir='ltr'>ιιι</span> 
     </span>
     <span class='ocr_line' id='line_1_39' title="bbox 172 4021 1743 4126; baseline -0.002 -23"><span class='ocrx_word' id='word_1_414' title='bbox 172 4044 197 4121; x_wconf 87' lang='grc'>’,,</span> <span class='ocrx_word' id='word_1_415' title='bbox 217 4031 355 4120; x_wconf 82' lang='lat' dir='ltr'>gebant.</span> <span class='ocrx_word' id='word_1_416' title='bbox 378 4031 591 4113; x_wconf 79' lang='lat' dir='ltr'>Debuerupt,</span> <span class='ocrx_word' id='word_1_417' title='bbox 612 4025 712 4099; x_wconf 87' lang='lat' dir='ltr'>credo</span> <span class='ocrx_word' id='word_1_418' title='bbox 732 4074 745 4110; x_wconf 92' lang='lat'>,</span> <span class='ocrx_word' id='word_1_419' title='bbox 764 4027 801 4096; x_wconf 85' lang='lat' dir='ltr'>in</span> <span class='ocrx_word' id='word_1_420' title='bbox 822 4022 960 4114; x_wconf 74' lang='lat' dir='ltr'>synodo</span> <span class='ocrx_word' id='word_1_421' title='bbox 980 4021 1148 4098; x_wconf 70' lang='lat' dir='ltr'>declarem</span> <span class='ocrx_word' id='word_1_422' title='bbox 1177 4024 1316 4096; x_wconf 84' lang='lat' dir='ltr'>merrdie</span> <span class='ocrx_word' id='word_1_423' title='bbox 1339 4023 1485 4126; x_wconf 64' lang='lat' dir='ltr'>lucere?</span> <span class='ocrx_word' id='word_1_424' title='bbox 1517 4023 1609 4117; x_wconf 86' lang='lat' dir='ltr'>quod</span> <span class='ocrx_word' id='word_1_425' title='bbox 1631 4046 1743 4100; x_wconf 88' lang='lat' dir='ltr'>tamen</span> 
     </span>
     <span class='ocr_line' id='line_1_40' title="bbox 170 4111 1743 4220; baseline -0.003 -27"><span class='ocrx_word' id='word_1_426' title='bbox 170 4141 301 4220; x_wconf 86' lang='lat' dir='ltr'>„nune</span> <span class='ocrx_word' id='word_1_427' title='bbox 324 4130 341 4206; x_wconf 90' lang='lat'><strong>(</strong></span> <span class='ocrx_word' id='word_1_428' title='bbox 361 4139 472 4194; x_wconf 90' lang='lat' dir='ltr'>tautae</span> <span class='ocrx_word' id='word_1_429' title='bbox 491 4117 568 4192; x_wconf 89' lang='lat' dir='ltr'>sunt</span> <span class='ocrx_word' id='word_1_430' title='bbox 590 4113 757 4188; x_wconf 86' lang='lat' dir='ltr'>nonnullis</span> <span class='ocrx_word' id='word_1_431' title='bbox 776 4113 930 4214; x_wconf 76' lang='lat' dir='ltr'>tmebtae</span> <span class='ocrx_word' id='word_1_432' title='bbox 949 4119 966 4196; x_wconf 88' lang='lat'>)</span> <span class='ocrx_word' id='word_1_433' title='bbox 986 4133 1123 4204; x_wconf 85' lang='lat' dir='ltr'>negatur</span> <span class='ocrx_word' id='word_1_434' title='bbox 1146 4161 1158 4198; x_wconf 90' lang='lat'>,</span> <span class='ocrx_word' id='word_1_435' title='bbox 1187 4115 1221 4182; x_wconf 78' lang='lat' dir='ltr'>dt</span> <span class='ocrx_word' id='word_1_436' title='bbox 1242 4117 1447 4219; x_wconf 82' lang='lat' dir='ltr'>contrarium</span> <span class='ocrx_word' id='word_1_437' title='bbox 1479 4115 1606 4208; x_wconf 86' lang='lat' dir='ltr'>ingenti</span> <span class='ocrx_word' id='word_1_438' title='bbox 1629 4111 1743 4205; x_wconf 87' lang='lat' dir='ltr'>plausu</span> 
     </span>
     <span class='ocr_line' id='line_1_41' title="bbox 171 4197 1744 4296; baseline 0.001 -23"><span class='ocrx_word' id='word_1_439' title='bbox 171 4253 199 4296; x_wconf 91' lang='lat'>„</span> <span class='ocrx_word' id='word_1_440' title='bbox 217 4203 426 4284; x_wconf 84' lang='lat' dir='ltr'>defenditur!</span> <span class='ocrx_word' id='word_1_441' title='bbox 443 4213 485 4281; x_wconf 89' lang='lat' dir='ltr'>in</span> <span class='ocrx_word' id='word_1_442' title='bbox 507 4223 600 4284; x_wconf 86' lang='lat' dir='ltr'>tanta</span> <span class='ocrx_word' id='word_1_443' title='bbox 623 4211 634 4276; x_wconf 90' lang='lat' dir='ltr'>i</span> <span class='ocrx_word' id='word_1_444' title='bbox 659 4206 727 4274; x_wconf 89' lang='lat' dir='ltr'>itur</span> <span class='ocrx_word' id='word_1_445' title='bbox 748 4201 846 4292; x_wconf 68' lang='lat' dir='ltr'>butus</span> <span class='ocrx_word' id='word_1_446' title='bbox 865 4197 1011 4288; x_wconf 84' lang='lat' dir='ltr'>neserii,</span> <span class='ocrx_word' id='word_1_447' title='bbox 1032 4221 1131 4293; x_wconf 88' lang='lat' dir='ltr'>atque</span> <span class='ocrx_word' id='word_1_448' title='bbox 1153 4221 1297 4274; x_wconf 75' lang='lat' dir='ltr'>euterata</span> <span class='ocrx_word' id='word_1_449' title='bbox 1318 4207 1421 4278; x_wconf 82' lang='lat' dir='ltr'>moris</span> <span class='ocrx_word' id='word_1_450' title='bbox 1440 4200 1665 4288; x_wconf 76' lang='lat' dir='ltr'>deformitate,</span> <span class='ocrx_word' id='word_1_451' title='bbox 1688 4229 1744 4280; x_wconf 87' lang='lat' dir='ltr'>ac·</span> 
     </span>
     <span class='ocr_line' id='line_1_42' title="bbox 89 4225 1744 4398; baseline 0.008 -46"><span class='ocrx_word' id='word_1_452' title='bbox 89 4338 106 4352; x_wconf 87' lang='lat'>..</span> <span class='ocrx_word' id='word_1_453' title='bbox 169 4341 195 4385; x_wconf 88' lang='lat'>‚,</span> <span class='ocrx_word' id='word_1_454' title='bbox 216 4293 368 4367; x_wconf 88' lang='lat' dir='ltr'>cedente</span> <span class='ocrx_word' id='word_1_455' title='bbox 392 4295 559 4370; x_wconf 88' lang='lat' dir='ltr'>raesertim</span> <span class='ocrx_word' id='word_1_456' title='bbox 581 4225 790 4398; x_wconf 45' lang='lat' dir='ltr'>delgnsornm</span> <span class='ocrx_word' id='word_1_457' title='bbox 811 4287 967 4372; x_wconf 73' lang='lat' dir='ltr'>audaciae</span> <span class='ocrx_word' id='word_1_458' title='bbox 985 4382 994 4397; x_wconf 31' lang='grc' dir='ltr'>ι</span> <span class='ocrx_word' id='word_1_459' title='bbox 1013 4289 1081 4366; x_wconf 90' lang='lat' dir='ltr'>uod</span> <span class='ocrx_word' id='word_1_460' title='bbox 1114 4313 1149 4362; x_wconf 89' lang='lat' dir='ltr'>re</span> <span class='ocrx_word' id='word_1_461' title='bbox 1191 4290 1254 4362; x_wconf 87' lang='lat' dir='ltr'>riri</span> <span class='ocrx_word' id='word_1_462' title='bbox 1283 4287 1389 4384; x_wconf 85' lang='lat' dir='ltr'>potest</span> <span class='ocrx_word' id='word_1_463' title='bbox 1421 4295 1531 4385; x_wconf 84' lang='lat' dir='ltr'>aptius</span> <span class='ocrx_word' id='word_1_464' title='bbox 1562 4287 1744 4367; x_wconf 83' lang='lat' dir='ltr'>remedium</span> 
     </span>
     <span class='ocr_line' id='line_1_43' title="bbox 170 4315 1147 4477; baseline -0.003 -24"><span class='ocrx_word' id='word_1_465' title='bbox 170 4430 195 4473; x_wconf 93' lang='lat'>„</span> <span class='ocrx_word' id='word_1_466' title='bbox 218 4403 318 4474; x_wconf 87' lang='lat' dir='ltr'>quaen</span> <span class='ocrx_word' id='word_1_467' title='bbox 340 4388 352 4456; x_wconf 94' lang='lat' dir='ltr'>i</span> <span class='ocrx_word' id='word_1_468' title='bbox 397 4385 488 4477; x_wconf 84' lang='lat' dir='ltr'>quod</span> <span class='ocrx_word' id='word_1_469' title='bbox 509 4387 563 4458; x_wconf 88' lang='lat' dir='ltr'>illi</span> <span class='ocrx_word' id='word_1_470' title='bbox 585 4378 767 4456; x_wconf 74' lang='lat' dir='ltr'>sanblrffimr</span> <span class='ocrx_word' id='word_1_471' title='bbox 790 4383 901 4452; x_wconf 84' lang='lat' dir='ltr'>Patres</span> <span class='ocrx_word' id='word_1_472' title='bbox 920 4379 962 4454; x_wconf 93' lang='lat' dir='ltr'>ad</span> <span class='ocrx_word' id='word_1_473' title='bbox 982 4315 1074 4453; x_wconf 41' lang='lat' dir='ltr'>&amp;em</span> <span class='ocrx_word' id='word_1_474' title='bbox 1095 4401 1147 4451; x_wconf 83' lang='lat' dir='ltr'>naa</span> 
     </span>
     <span class='ocr_line' id='line_1_44' title="bbox 170 4464 1743 4566; baseline -0.002 -20"><span class='ocrx_word' id='word_1_475' title='bbox 170 4527 195 4566; x_wconf 91' lang='lat'>„</span> <span class='ocrx_word' id='word_1_476' title='bbox 215 4489 294 4546; x_wconf 88' lang='lat' dir='ltr'>tunt</span> <span class='ocrx_word' id='word_1_477' title='bbox 317 4467 326 4539; x_wconf 89' lang='lat' dir='ltr'>l</span> <span class='ocrx_word' id='word_1_478' title='bbox 358 4471 513 4566; x_wconf 85' lang='lat' dir='ltr'>quodque</span> <span class='ocrx_word' id='word_1_479' title='bbox 532 4493 663 4546; x_wconf 88' lang='lat' dir='ltr'>tantam</span> <span class='ocrx_word' id='word_1_480' title='bbox 684 4471 754 4542; x_wconf 86' lang='lat' dir='ltr'>vim</span> <span class='ocrx_word' id='word_1_481' title='bbox 775 4465 878 4540; x_wconf 85' lang='lat' dir='ltr'>babet</span> <span class='ocrx_word' id='word_1_482' title='bbox 899 4517 915 4554; x_wconf 92' lang='lat'>,</span> <span class='ocrx_word' id='word_1_483' title='bbox 945 4486 985 4542; x_wconf 89' lang='lat' dir='ltr'>ut</span> <span class='ocrx_word' id='word_1_484' title='bbox 1005 4491 1074 4542; x_wconf 91' lang='lat' dir='ltr'>non</span> <span class='ocrx_word' id='word_1_485' title='bbox 1096 4489 1205 4540; x_wconf 87' lang='lat' dir='ltr'>ramos</span> <span class='ocrx_word' id='word_1_486' title='bbox 1226 4464 1334 4544; x_wconf 84' lang='lat' dir='ltr'>solum</span> <span class='ocrx_word' id='word_1_487' title='bbox 1357 4488 1537 4561; x_wconf 89' lang='lat' dir='ltr'>amputet,</span> <span class='ocrx_word' id='word_1_488' title='bbox 1558 4467 1612 4542; x_wconf 90' lang='lat' dir='ltr'>sed</span> <span class='ocrx_word' id='word_1_489' title='bbox 1634 4473 1647 4544; x_wconf 96' lang='lat' dir='ltr'>i</span> <span class='ocrx_word' id='word_1_490' title='bbox 1673 4470 1743 4543; x_wconf 79' lang='lat' dir='ltr'>lam</span> 
     </span>
     <span class='ocr_line' id='line_1_45' title="bbox 168 4555 1739 4668; baseline 0 -36"><span class='ocrx_word' id='word_1_491' title='bbox 168 4562 319 4661; x_wconf 75' lang='lat' dir='ltr'>„etiam</span> <span class='ocrx_word' id='word_1_492' title='bbox 339 4559 423 4668; x_wconf 75' lang='lat' dir='ltr'>attali</span> <span class='ocrx_word' id='word_1_493' title='bbox 441 4563 585 4636; x_wconf 83' lang='lat' dir='ltr'>radicem</span> <span class='ocrx_word' id='word_1_494' title='bbox 601 4557 757 4666; x_wconf 77' lang='lat' dir='ltr'>excidat.</span> <span class='ocrx_word' id='word_1_495' title='bbox 780 4555 893 4642; x_wconf 79' lang='lat' dir='ltr'>Quare</span> <span class='ocrx_word' id='word_1_496' title='bbox 915 4579 983 4649; x_wconf 91' lang='lat' dir='ltr'>quo</span> <span class='ocrx_word' id='word_1_497' title='bbox 1003 4579 1040 4629; x_wconf 83' lang='lat' dir='ltr'>nr</span> <span class='ocrx_word' id='word_1_498' title='bbox 1094 4555 1330 4662; x_wconf 60' lang='lat' dir='ltr'>altaecpeslis</span> <span class='ocrx_word' id='word_1_499' title='bbox 1353 4561 1462 4666; x_wconf 77' lang='lat' dir='ltr'>viget,</span> <span class='ocrx_word' id='word_1_500' title='bbox 1483 4561 1517 4630; x_wconf 81' lang='lat' dir='ltr'>de</span> <span class='ocrx_word' id='word_1_501' title='bbox 1539 4581 1609 4650; x_wconf 87' lang='lat' dir='ltr'>quo</span> <span class='ocrx_word' id='word_1_502' title='bbox 1690 4579 1739 4632; x_wconf 82' lang='lat' dir='ltr'>tes</span> 
     </span>
     <span class='ocr_line' id='line_1_46' title="bbox 167 4644 1634 4834; baseline -0.011 -9"><span class='ocrx_word' id='word_1_503' title='bbox 167 4708 191 4745; x_wconf 83' lang='lat'>‚‚</span> <span class='ocrx_word' id='word_1_504' title='bbox 211 4644 1482 4834; x_wconf 65' lang='grc' dir='ltr'>,ιιιιι</span> <span class='ocrx_word' id='word_1_505' title='bbox 1523 4645 1746 4810; x_wconf 80' lang='grc' dir='ltr'>ιι</span> 
     </span>
     <span class='ocr_line' id='line_1_47' title="bbox 167 4786 355 4833; baseline -0.016 0"><span class='ocrx_word' id='word_1_506' title='bbox 167 4786 191 4833; x_wconf 70' lang='lat' dir='ltr'>»r</span> <span class='ocrx_word' id='word_1_507' title='bbox 230 4825 235 4831; x_wconf 87' lang='lat'><em>.</em></span> <span class='ocrx_word' id='word_1_508' title='bbox 342 4789 355 4830; x_wconf 78' lang='lat' dir='ltr'>a</span> 
     </span>
     <span class='ocr_line' id='line_1_48' title="bbox 214 4839 1700 4912; baseline -0.001 -16"><span class='ocrx_word' id='word_1_509' title='bbox 214 4862 222 4873; x_wconf 68' lang='lat'><strong>⁹</strong></span> <span class='ocrx_word' id='word_1_510' title='bbox 1605 4871 1633 4912; x_wconf 64' lang='lat' dir='ltr'>,g</span> <span class='ocrx_word' id='word_1_511' title='bbox 1646 4839 1700 4896; x_wconf 62' lang='lat' dir='ltr'>stt</span> 
     </span>
    </p>
   </div>
   <div class='ocr_carea' id='block_1_4' title="bbox 1161 4381 1746 4473">
    <p class='ocr_par' dir='ltr' id='par_1_4' title="bbox 1161 4381 1746 4473">
     <span class='ocr_line' id='line_1_49' title="bbox 1161 4381 1746 4473; baseline 0.002 -20"><span class='ocrx_word' id='word_1_512' title='bbox 1161 4401 1219 4450; x_wconf 88' lang='lat' dir='ltr'>um</span> <span class='ocrx_word' id='word_1_513' title='bbox 1248 4381 1502 4473; x_wconf 86' lang='lat' dir='ltr'>opprimendum</span> <span class='ocrx_word' id='word_1_514' title='bbox 1533 4383 1746 4472; x_wconf 78' lang='lat' dir='ltr'>excogitave-</span> 
     </span>
    </p>
   </div>
   <div class='ocr_carea' id='block_1_5' title="bbox 0 0 2018 5367">
    <p class='ocr_par' dir='ltr' id='par_1_5' title="bbox 0 0 2018 5367">
     <span class='ocr_line' id='line_1_50' title="bbox 0 0 2018 5367; baseline 0 1"><span class='ocrx_word' id='word_1_515' title='bbox 0 0 2018 5367; x_wconf 95' lang='lat' dir='ltr'> </span> 
     </span>
    </p>
   </div>
  </div>
 </body>
</html>
