4025 5367
326 307 394 392 3'04
648 299 985 370 Excitatus
1032 271 1452 369 er'rrnnnrr

280 416 469 508 prandeant,
487 412 674 488 &cantent
694 423 811 508 ,agyos
830 430 853 485 o
873 412 992 486 Theos.
1015 403 1062 487 Et
1080 412 1189 488 statim
1210 438 1313 504 genua
1335 415 1466 490 fledrnt
1487 417 1521 484 δι
1541 409 1595 482 illi
1615 409 1860 498 cantabuntpo-

278 502 355 594 pale
374 525 483 574 meus.
505 503 659 576 Sacerdos
680 527 759 577 vcro
781 501 840 574 stet
861 524 964 593 prope
984 503 1081 576 illos.
1178 527 1300 592 arjos,
1322 509 1354 574 dc
1378 504 1513 574 accoliti
1537 499 1717 584 similiter,
1738 506 1771 570 ἃ
1791 501 1866 576 θοι,

280 594 371 662 Ciant
414 615 520 673 enua,
539 591 675 693 quando
696 587 778 681 ipss..
797 593 854 660 illi
876 590 1029 681 quisunt
1050 594 1085 662 in
1108 591 1212 663 ciroro
1233 642 1242 674 ,
1276 615 1341 662 non
1367 592 1502 662 sittiant
1524 609 1682 675 genua..
1703 636 1712 659 .
1735 591 1864 662 iterum.

281 697 375 752 cante
400 699 414 748 t
435 701 530 769 agyos
553 677 703 764 tscbiros,
724 683 758 750 dc
780 675 915 749 flectant
933 701 1060 768 genua,
1083 675 1164 752 ficut
1186 677 1276 750 dixi.
1298 678 1379 750 Inde
1400 700 1496 767 agyos
1518 673 1728 774 Athenaeus,
1748 673 1856 747 &ile-

279 765 379 839 siant'
390 788 516 855 genua.
535 765 665 840 Deinde
685 764 818 837 Chorus
841 766 1032 856 respondeat
1054 767 1189 838 Sensim
1211 777 1324 852 Deus,
1348 773 1381 836 δι
1405 767 1536 839 liceant
1555 785 1660 852 genua
1694 761 1754 851 ipsi
1776 815 1786 847 ,
1821 770 1856 835 dc

279 878 392 926 omnes
416 855 533 935 Laici,·
554 857 600 925 Et
624 850 667 924 sic
691 853 834 930 saciant,
856 853 990 943 quando
1011 853 1180 936 dixerint,
1201 853 1337 924 sarnus
1351 850 1474 944 flattu,
1497 857 1531 922 &
1552 850 1687 922 Sentius
1716 851 1856 922 immor-

278 944 460 1015 talia-His
481 940 579 1013 diffls
601 941 791 1030 supradietis
813 943 956 1012 Diaconi
979 961 1133 1013 moveant
1156 943 1393 1030 aliquantulum
1425 939 1587 1030 usquead
1612 937 1768 1025 angulum
1789 939 1856 1008 Al.

279 1035 437 1116 taris,·&
458 1028 571 1101 dicant
593 1032 693 1101 aliam
715 1027 931 1118 antiphonam
952 1032 1040 1119 Quia
1063 1031 1189 1102 eduxi.
1224 1031 1301 1117 Qua
1323 1029 1441 1113 dicta,
1474 1025 1689 1118 respondeant
1710 1027 1779 1100 duo
1800 1029 1857 1100 illi

275 1126 396 1210 osgyos
413 1120 448 1186 dt
468 1117 589 1190 chorus
610 1117 744 1187 ranan
777 1127 863 1187 Deus
881 1166 891 1198 ,
911 1115 993 1190 ficut
1022 1120 1139 1206 prius.
1160 1117 1305 1188 Diaconi
1330 1121 1462 1190 veniant
1481 1117 1651 1196 paululum
1669 1115 1742 1202 plus
1763 1117 1857 1186 inan-

276 1223 354 1291 tea,
376 1203 457 1275 idest
477 1205 580 1296 usque
600 1205 641 1277 ad
662 1206 816 1292 angulum
837 1205 967 1286 altaris,
989 1208 1023 1274 δι
1044 1225 1176 1275 cantent
1199 1202 1433 1294 antiphonam,
1456 1205 1544 1298 Quid
1565 1202 1653 1274 ultra
1672 1199 1690 1271 ἒ
1712 1203 1768 1272 Illi
1790 1203 1857 1274 res·

278 1346 302 1383 ‚,
325 1291 492 1402 pondeant
514 1295 634 1372 tertio,
655 1288 737 1362 ficut
757 1295 792 1360 lit
813 1294 922 1379 prius.
944 1293 1009 1362 His
1030 1292 1185 1364 omnibus
1206 1291 1303 1364 diuis
1338 1295 1479 1364 Diaconi
1503 1294 1633 1362 veniant
1655 1307 1731 1360 ante
1753 1291 1854 1362 altare

279 1420 303 1468 „
323 1405 359 1452 rn
371 1378 482 1450 medio
492 1377 846 1469 loc05discooperiant
855 1383 1055 1464 Crucem&
1067 1379 1222 1453 diaconus
1231 1381 1479 1452 ebdomadarius
1488 1381 1613 1450 elevato
1622 1375 1760 1452 brachio
1768 1379 1857 1450 Cru-

279 1517 312 1561 „¹
326 1492 397 1562 cem
418 1470 454 1536 in
477 1489 576 1542 manu
596 1465 721 1540 habens
741 1465 938 1540 demonstret
959 1491 1051 1548 earn,
1072 1473 1106 1538 δι
1127 1471 1267 1558 incipiat
1289 1467 1527 1559 antiphonam.
1548 1463 1861 1556 riccelr'gmurtcrta·-¹

279 1576 304 1648 3,
325 1559 373 1628 cir
385 1607 397 1641 ,
418 1579 518 1646 quam
540 1574 645 1628 totam
665 1553 871 1626 decantet&
888 1558 975 1628 alius
995 1559 1165 1628 Diaconos
1194 1580 1270 1627 cum
1291 1579 1360 1625 eo.
1393 1557 1469 1641 Qua
1498 1553 1586 1626 diua
1609 1554 1775 1625 Diaconus
1797 1551 1855 1626 dc-

278 1699 302 1737 „
323 1662 425 1736 ponat
447 1644 619 1719 brachium
643 1667 719 1715 cum
742 1645 876 1728 Cruce,
895 1651 928 1714 dc
948 1640 1040 1740 juxta
1063 1641 1182 1732 gradus
1203 1645 1330 1714 Altatis
1352 1663 1454 1734 ponat
1476 1663 1569 1724 eam,
1589 1660 1627 1713 ut
1649 1641 1802 1713 adoremr
1811 1643 1854 1715 ab

145 1743 152 1750 '
278 1787 303 1824 ‚,
324 1733 504 1804 omnibus··.
539 1728 843 1818 Dictaanriphona
876 1739 957 1803 Eece
991 1729 1116 1820 signam
1135 1757 1154 1802 a
1176 1733 1335 1803 Diaconis
1353 1781 1364 1815 ,
1385 1730 1494 1804 statim
1517 1729 1649 1800 Cironrs
1670 1730 1737 1799 inci

278 1875 302 1913 ,‚
324 1823 415 1892 Beati
435 1819 657 1900 immaculati,
677 1824 711 1889 δι
730 1816 825 1890 disto
841 1819 904 1889 illo
924 1816 1015 1890 versu
1037 1822 1196 1909 repetitur
1217 1822 1285 1890 anti
1312 1817 1399 1911 bone
1420 1827 1500 1889 Ecce
1520 1817 1548 1888 li
1589 1837 1644 1888 um
1654 1865 1666 1900 ‚
1685 1821 1720 1886 dc
1740 1748 1857 1889 grearffl,

278 1963 301 1998 ‚,
324 1927 441 1981 cuntur
462 1927 562 1980 rara.
585 1906 710 1989 sersus,
733 1908 910 1997 repetendo
930 1907 1039 1997 ipsam
1058 1906 1274 1997 antiphonam
1283 1842 1429 1997 iimper,
1451 1908 1544 1978 Sacer
1567 1902 1857 2005 osprocidensan-

276 2050 302 2090 „
324 2016 356 2066 te
377 2001 523 2068 Crucem
554 1996 647 2067 brevi
668 1997 822 2066 oratione
841 1993 954 2065 adoret
975 2016 1080 2078 eam;
1112 1993 1184 2082 post
1206 2017 1280 2067 cum
1300 1996 1469 2074 Diaconi,
1501 1999 1537 2062 δι
1559 1990 1795 2074 subdiaconus,
1818 1999 1855 2062 δι

278 2138 302 2175 ,,
324 2089 358 2154 &
380 2084 536 2160 accolitis
559 2083 635 2152 inde
657 2082 778 2152 chorus
799 2081 967 2162 Abbatis,
990 2079 1063 2168 post
1085 2079 1358 2160 chorusPrioris3
1380 2079 1604 2166 indeydiote.
1626 2074 1853 2150 Interimdum

275 2192 301 2262 ⁴„
323 2170 422 2242 adora
440 2194 479 2240 ur
510 2173 605 2239 Crux
636 2186 809 2238 cantantur
832 2164 892 2237 hac
922 2165 1128 2258 antiphone.
1162 2177 1243 2240 Ecce
1275 2166 1519 2251 ordmirabile,
1542 2189 1615 2237 cum
1629 2162 1811 2255 fabricator
1842 2217 1854 2252 ,

275 2313 301 2352 „
324 2267 411 2329 crux
425 2189 566 2344 idelis,
600 2264 709 2344 Pange
729 2253 879 2324 lustris.
910 2250 1061 2324 Adorara
1092 2256 1201 2325 Cruce
1223 2280 1241 2328 a
1275 2255 1429 2328 fratribus
1449 2256 1547 2326 tollat
1577 2252 1730 2324 Sacerdos
1752 2254 1856 2328 aliam

276 2401 300 2439 ‚‚
322 2346 485 2425 Crucem,
505 2348 539 2413 δι
563 2360 673 2430 portet
692 2340 734 2412 ad
755 2337 956 2412 adorandum
978 2343 1112 2412 Laicis.
1145 2343 1234 2431 prius
1255 2341 1414 2428 dicendo,
1437 2360 1475 2415 ut
1497 2365 1568 2414 mos
1588 2340 1634 2414 est
1657 2391 1669 2426 ,
1689 2346 1856 2415 orationes

271 2469 298 2523 ·„
320 2430 360 2500 de
381 2433 515 2502 Cruce.
536 2431 675 2500 Interim
692 2428 771 2501 dum
793 2428 947 2501 adoratur
968 2431 1063 2500 Crux
1086 2455 1101 2499 r
1125 2431 1258 2515 Laicis,
1279 2434 1451 2503 recalcient
1474 2429 1650 2500 sesratres.
1672 2431 1855 2522 Leritpve-

277 2572 298 2611 „
322 2541 361 2588 ro
381 2518 501 2588 tollant
521 2517 693 2606 gausapem
705 2567 717 2600 ,
739 2515 923 2609 superquod
943 2513 1136 2591 sacrificium
1158 2517 1240 2588 solet
1262 2517 1378 2602 offeri,
1400 2524 1433 2588 dc
1456 2523 1631 2590 extendant
1657 2516 1750 2608 super
1772 2520 1856 2590 alta·

277 2660 300 2700 ‚,
321 2627 381 2687 re,
401 2610 435 2674 st
457 2607 627 2694 corporale
649 2601 798 2676 imiliter
821 2653 832 2676 .
865 2606 1094 2680 subdiaconus
1117 2627 1266 2698 preparet
1287 2608 1436 2680 Calicem
1459 2630 1534 2678 curn
1558 2607 1635 2676 vino
1655 2662 1664 2680 .
1688 2607 1857 2677 Diaconus¹

276 2749 303 2789 ‚,
327 2710 429 2779 ponat
451 2691 543 2781 super
565 2711 715 2782 patenam
735 2715 855 2784 corpus
874 2697 1042 2778 Domini,
1064 2699 1153 2784 quod
1179 2698 1282 2785 pridie
1299 2697 1348 2766 cst
1371 2693 1547 2784 repostum
1569 2744 1577 2761 .
1609 2697 1697 2764 Cum
1720 2693 1856 2766 adorata

277 2837 304 2873 „
328 2777 542 2872 sueritCrux
563 2781 606 2852 ab
627 2779 804 2863 omnibus,
827 2782 952 2854 sumens
973 2785 1066 2854 illam
1079 2787 1389 2873 Diaconusincipiat
1402 2781 1618 2872 antiphonam
1623 2779 1856 2870 superomnia,

276 2925 301 2961 „
326 2889 426 2956 quam
454 2865 571 2939 srat'rts
590 2875 696 2941 totam
719 2889 851 2940 cantent
874 2920 884 2954 ,
913 2877 948 2940 dr
970 2873 1113 2940 Crucem
1135 2875 1171 2940 in
1193 2872 1268 2942 loco
1290 2870 1348 2942 suo
1368 2879 1560 2960 reponant.
1582 2871 1678 2942 Tunc
1701 2867 1855 2940 Sacerdos

274 3012 299 3048 „
321 2955 456 3026 indutus
477 2956 674 3046 planeraad
694 2960 811 3028 Altare
841 2957 907 3028 boc
938 2959 1054 3029 ordine
1128 2977 1220 3046 rgat.
1245 2961 1356 3038 Duo,
1388 2962 1445 3047 qui
1470 2975 1602 3047 portent
1625 2955 1852 3038 candelabra,

275 3099 302 3138 ‚‚
325 3047 443 3114 tertius
464 3067 541 3115 cum
562 3043 760 3124 thuribulo,
781 3063 918 3130 quartus
938 3069 1015 3116 cum
1037 3049 1088 3115 Ca
1102 3048 1173 3130 icc,
1195 3049 1329 3136 quintus
1352 3067 1502 3134 patenam
1515 3069 1655 3118 cumcor
1702 3067 1734 3111 re
1747 3042 1851 3111 Chri·

275 3186 299 3222 ,‚
322 3131 385 3200 stit
407 3130 482 3202 Post
503 3127 564 3199 bos
587 3129 739 3202 Sacerdos
762 3125 920 3203 missalem
942 3131 1048 3204 secum
1068 3153 1221 3222 portans.
1245 3139 1335 3205 Cum
1357 3135 1505 3204 venerint
1528 3154 1601 3205 ante
1625 3134 1736 3201 Atace
1762 3179 1772 3212 ,
1793 3131 1851 3199 Sa-

273 3274 297 3310 „
318 3217 433 3290 cerdos
453 3235 555 3306 ponat
578 3218 701 3291 librum
722 3218 818 3309 super
839 3221 954 3291 Altare
975 3226 1009 3292 dc
1032 3242 1170 3292 revertat
1192 3221 1233 3296 ad
1256 3221 1392 3310 gradus.
1416 3223 1477 3292 Ille
1499 3225 1557 3311 qui
1580 3221 1680 3292 habet
1704 3237 1853 3309 patcnmu

274 3363 301 3398 ,‚
320 3327 400 3377 cum
417 3323 557 3396 corpore
579 3305 728 3390 Christi,
749 3327 850 3395 ponat
873 3328 1023 3395 patenam
1046 3309 1139 3396 super
1162 3309 1286 3391 altere,
1309 3315 1341 3379 δι
1365 3333 1431 3379 non
1453 3308 1605 3379 extrahat
1636 3305 1713 3378 inde
1736 3329 1853 3396 corpus

274 3449 298 3484 ‚‚
318 3393 481 3464 Domini⁴
503 3396 656 3464 Sacerdos
674 3397 875 3464 non'mirtat
899 3415 977 3466 tunc
999 3419 1118 3482 aquam
1142 3399 1176 3465 in
1197 3398 1320 3480 calice,
1343 3401 1376 3465 δι
1399 3400 1570 3469 Diaconos
1594 3415 1694 3486 ponat
1713 3397 1852 3466 calicem

272 3536 298 3572 „
319 3478 464 3577 faciens,
488 3500 525 3553 ut
548 3481 703 3552 moscii.
725 3482 854 3550 Deinde
874 3505 988 3551 omnes
1009 3483 1132 3579 fratres
1154 3484 1241 3552 circa
1266 3483 1492 3570 Presbyterum
1515 3483 1599 3568 fint,
1621 3489 1659 3556 dt
1681 3482 1853 3571 Presbyter

272 3622 296 3664 ‚‚
319 3587 410 3655 Juxta
429 3591 558 3638 rnorem
580 3593 654 3640 cum
677 3571 724 3638 eis
744 3567 973 3638 conseffiontm
993 3571 1094 3638 saciat
1109 3619 1118 3636 .
1136 3570 1214 3652 Oua
1231 3573 1366 3659 expleta
1382 3571 1543 3644 Sacerdos
1565 3571 1718 3646 accedens
1742 3571 1781 3644 ad
1805 3570 1854 3640 al-

273 3709 298 3750 „
317 3673 390 3726 tare
413 3667 425 3740 ,
455 3655 599 3726 incenset
629 3654 710 3728 illud
741 3654 833 3744 jarxta
862 3677 992 3728 morem
1011 3653 1107 3726 fimul
1130 3660 1164 3726 dc
1185 3660 1319 3730 calicem
1344 3710 1352 3729 .
1383 3659 1512 3733 Deinde
1536 3661 1625 3734 dicat
1645 3663 1716 3730 alta
1739 3681 1853 3728 voce.

273 3780 296 3840 ,3
318 3753 452 3816 oremus
470 3743 631 3832 p'rfrtptis
639 3741 867 3825 Salutattsrrts,
888 3743 1150 3832 usqueadsisrera
1162 3745 1363 3819 nosemaso.
1385 3749 1523 3820 Interim
1533 3751 1632 3820 levita
1645 3743 1787 3816 incenset
1798 3765 1858 3810 ce-

271 3887 297 3928 ‚‚
318 3852 388 3905 tera
410 3832 565 3915 Altaria,
582 3835 619 3901 dt
640 3831 911 3906 deturomnibus
932 3831 1098 3904 intensum
1119 3883 1128 3902 .
1150 3832 1437 3926 Respondentibus
1460 3837 1616 3910 fratribus
1636 3854 1652 3914 ;
1673 3828 1853 3928 libera-aas

271 3973 294 4015 ,‚
316 3943 337 3990 a
358 3917 442 3990 raab
464 3921 552 3992 dicat
560 3920 726 3992 ..Sacerdos
745 3917 846 3991 libera
868 3943 946 4002 nos,
968 3939 1005 3994 ut
1028 3925 1128 3996 moris
1141 3920 1217 3994 est.
1249 3925 1326 4006 Qua
1364 3927 1491 4015 expleta
1516 3925 1615 3996 saciat
1636 3936 1699 3986 trcs
1720 3931 1852 4000 portio-

270 4055 293 4098 „
314 4027 370 4076 nes
387 4002 431 4078 de
450 4029 590 4096 corpore
610 4011 773 4090 Domini,
795 4013 828 4078 sc
849 4007 939 4080 dicat
962 4010 1029 4080 alta
1048 4033 1131 4082 ¹voce
1150 4034 1166 4095 ;
1187 4019 1252 4080 ‘Per
1271 4013 1375 4084 omnia
1397 4013 1507 4082 Secula
1522 4007 1699 4106 sccaluam
1725 4049 1734 4067 .
1765 4002 1852 4071 Rel-

268 4141 295 4183 „
315 4088 482 4180 pondeant
500 4117 634 4168 omnes.
659 4104 790 4166 dmm.
814 4104 887 4166 i’ax
908 4097 1062 4175 Domini,
1083 4096 1149 4170 hoc
1170 4096 1224 4168 die
1246 4121 1313 4170 non
1336 4100 1458 4172 dicitur
1478 4145 1490 4169 .
1513 4095 1591 4169 Inde
1614 4108 1724 4160 mrttat
1748 4109 1852 4193 unam

268 4224 293 4266 „
314 4182 501 4264 portionem
524 4183 560 4250 in
579 4184 717 4265 Calicc,
738 4182 824 4254 nihil
848 4184 981 4265 dicens,
1000 4188 1034 4252 dc
1055 4189 1274 4258 communicet
1299 4185 1352 4269 se,
1374 4193 1407 4258 lic
1430 4208 1540 4258 omnes
1563 4181 1707 4253 sratres.
1731 4179 1852 4249 Levita

268 4315 297 4350 ,‚
316 4263 539 4364 dumtribuit
562 4271 711 4342 Calicem
730 4271 1069 4355 communicantibus,
1093 4273 1205 4356 dicat,
1227 4292 1265 4344 ut
1287 4275 1359 4346 aliis
1380 4276 1525 4356 diebus,
1557 4268 1694 4358 Sanguis
1718 4265 1852 4337 Domini

272 4401 296 4438 „
317 4350 410 4449 nossrt
432 4351 508 4441 Jtsu
526 4351 645 4437 chatiis
664 4364 698 4426 dc
718 4378 845 4428 cetera.
866 4363 956 4431 Cum
977 4363 1067 4431 enim
1089 4360 1129 4434 de
1150 4359 1204 4433 iris
1274 4364 1286 4430 i
1307 4362 1610 4440 communicantur,
1633 4359 1728 4446 pauci
1741 4353 1851 4444 supcr-

267 4489 294 4525 „
315 4436 462 4537 fueriut,
483 4437 593 4510 soumt
612 4443 763 4527 tabulas,
782 4451 816 4516 a
838 4449 872 4516 in
894 4447 1023 4518 diredio
1043 4446 1173 4522 dicutur
1195 4473 1233 4520 ve
1248 4471 1367 4535 perae,
1386 4449 1423 4522 hi
1447 4445 1561 4535 psalmi
1581 4445 1736 4518 dicantur
1758 4495 1766 4513 .
1792 4442 1849 4514 Ad

256 4563 292 4614 2„
314 4537 510 4610 Donatum,
530 4550 604 4596 cum
614 4529 810 4610 tribulante
832 4534 950 4617 Eripe,
971 4537 1278 4620 banneriam,
1300 4559 1403 4619 voce,
1420 4535 1626 4608 amicius.
1651 4529 1848 4620 Antiphone

267 4613 357 4703 „de
378 4634 447 4686 uno
466 4635 602 4702 quoque·
620 4615 744 4703 psalmo
766 4616 831 4687 sinc
847 4627 936 4690 notis
958 4621 1088 4696 dicatur
1107 4625 1153 4696 V.
1173 4619 1449 4714 cinnassmru,
1470 4623 1667 4716 Antiphona
1685 4623 1724 4694 de
1736 4623 1849 4690 Evan-

269 4751 293 4787 ‚‚
314 4701 403 4792 gello
414 4722 432 4786 ,'
450 4711 530 4774 cata
546 4699 707 4798 acceprss‘tt
726 4722 873 4784 cenum.
895 4708 1009 4784 Postea
1027 4711 1148 4790 radent
1169 4713 1212 4792 ad
1232 4709 1470 4792 comedendum
1494 4736 1611 4807 panem
1635 4717 1670 4784 &
1690 4729 1827 4865 αᾳυιαὴῐι.
