4025 5367
639 317 1380 404 Pptlrnnrau...
1655 323 1722 410 357

175 467 210 514 ‚n
229 431 350 516 indiis,
368 453 450 522 quae
472 421 610 516 Errsefia
634 426 850 502 VVrrsterrann
870 430 905 498 in
927 426 1041 502 eadem
1065 431 1171 502 Curte
1193 433 1228 503 in
1251 427 1485 520 presentiarum
1509 429 1643 502 babet.
1684 433 1759 504 Lau

195 561 221 608 s,
241 521 626 611 demostrprecipirnns,
647 537 686 588 ut
699 516 975 615 omneshomines
987 517 1199 590 VVnstrrrrrrrr'
1211 517 1443 606 Episcopatus,
1465 523 1521 610 qui
1536 519 1707 610 nobispr'o
1736 545 1754 590 n

189 651 213 691 2,
232 609 323 684 causa
344 609 561 698 juraverunt,
579 605 699 677 iterum
712 625 839 693 jurent,
860 624 1019 691 quatenus
1031 605 1114 678 sranc
1125 630 1252 697 pacem,
1273 610 1307 676 δι
1320 606 1563 688 laudationem,
1585 631 1685 696 quam
1698 631 1744 678 nu

185 736 207 778 s,
227 701 446 772 communiter
470 696 632 777 facimus,
650 693 786 764 firmiter
807 699 840 762 dc
864 695 898 764 in
922 710 1116 783 perpetuum
1139 714 1293 778 teneant,
1318 695 1375 766 uisi
1399 694 1459 766 sitii
1485 696 1672 783 Ugosint'vel
1686 720 1759 766 ma-

183 803 438 870 stercorum,
461 783 512 855 rel
534 779 627 879 beret
647 804 765 852 eorum
783 779 867 854 issud
890 777 1149 868 commiserint,
1171 784 1258 858 unde
1280 785 1466 874 predisium
1489 783 1621 856 feodum
1645 783 1766 854 secun.⁴

182 913 205 958 2,
222 871 305 948 dum
325 873 450 954 redium
469 859 630 964 judicium
651 877 739 941 curie
761 867 907 960 Episcopi
928 866 1136 942 VVusrerrarri
1158 871 1291 960 perdere
1312 869 1453 944 debeant
1476 923 1484 940 .
1520 872 1703 944 Laudamus
1727 895 1761 938 e-

183 1000 205 1043 s,
227 967 334 1044 tiam,
357 980 457 1052 atque
479 961 702 1054 precipimus,
722 979 759 1030 ut
783 982 845 1046 pro
864 964 978 1046 equis.
1001 965 1035 1027 &
1055 964 1177 1038 ramis,
1200 964 1235 1030 in
1257 959 1433 1032 Mirasdoso'
1457 961 1595 1050 perditis
1617 965 1756 1050 triginti

175 1089 206 1134 ‚,
228 1049 331 1122 libras
351 1048 491 1122 lucenses
520 1069 651 1121 monete
672 1057 754 1116 Gene
776 1041 937 1138 comitiffe
957 1047 1129 1136 Episcopus
1152 1047 1264 1120 reddat
1284 1101 1292 1120 .
1315 1048 1503 1122 Laudamus
1534 1069 1631 1140 atque
1655 1053 1762 1138 preci-

179 1175 209 1232 a,
229 1139 417 1226 pimus‚'ut
438 1141 578 1220 omnia,
597 1159 660 1228 que
684 1136 827 1224 superius
850 1133 971 1226 scripta
995 1140 1089 1217 sunt,
1112 1135 1281 1224 Episcopus
1303 1136 1403 1227 usque
1425 1139 1464 1209 ad
1489 1142 1676 1227 proximam
1687 1148 1760 1206 ‘Pu-

184 1264 207 1302 ‚‚
230 1221 421 1313 sificationis
440 1223 530 1298 beate
550 1227 658 1297 Marte
678 1221 892 1296 festivitatem
915 1221 1015 1296 saciat
1037 1223 1209 1313 adimpleri
1235 1273 1244 1306 ,
1279 1222 1340 1294 nisi
1364 1227 1586 1314 predictorum
1608 1227 1762 1297 comitum

182 1355 208 1404 „
229 1311 361 1397 licentia
385 1335 571 1389 remaneat.
593 1313 678 1386 Asta
700 1311 773 1384 sunt
797 1311 856 1383 hec
880 1315 1030 1384 incuria
1052 1313 1162 1400 Prssrni
1184 1311 1444 1401 Arrbiepiscopi,
1467 1314 1614 1406 presente
1646 1319 1679 1383 &
1710 1311 1762 1401 ju·

182 1444 207 1482 „
228 1395 329 1473 berete
347 1401 460 1476 donno
482 1409 567 1494 Papa
602 1401 780 1472 Innocentio
800 1423 913 1472 coram
942 1401 1155 1486 multitudine
1189 1398 1459 1490 Episcoporum,
1489 1403 1718 1474 Cardinalium
1750 1447 1765 1486 ,

182 1533 208 1573 ‚,
227 1491 436 1567 clericorum
457 1541 468 1574 ,
501 1517 539 1564 ac
560 1490 728 1561 nobilium
746 1491 897 1560 virorum
918 1540 929 1574 ,
949 1486 1165 1575 essenorum,
1187 1485 1393 1581 Jrnrrenlirrru
1414 1538 1426 1572 ‚
1456 1491 1500 1560 6²·
1530 1487 1762 1578 Pistoriensem

183 1618 209 1675 ²2
229 1577 436 1686 Corfinium,
456 1585 490 1650 δι
512 1579 655 1651 aliorum
700 1580 896 1684 surianorum
918 1577 1097 1650 illustrium
1119 1577 1286 1650 virorum.
1309 1579 1413 1649 Anno
1427 1579 1620 1652 Dominirae
1642 1583 1757 1648 Incar-

182 1665 949 1855 iimctioniirdiofiiurxaiiiiinr'urlnilriiiirfdrii
966 1754 1084 1824 corius
1117 1748 1345 1852 apographum
1381 1749 1484 1822 servat
1530 1751 1754 1854 3Aprriser'enfis

182 1837 308 1922 ebartae
326 1839 390 1911 sabi
412 1837 539 1912 missum
561 1866 579 1912 a
601 1841 784 1916 dosirssrmo
806 1844 960 1916 samnito
979 1839 1120 1913 Bertoli.
1149 1841 1232 1912 Non
1255 1841 1473 1928 injucundum
1492 1862 1557 1910 errt
1577 1889 1586 1922 ,
1608 1863 1679 1909 eam
1718 1845 1754 1908 in

184 1921 292 2001 iucem
315 1925 481 2015 proferre.
503 1931 557 2000 En
579 1931 695 2002 iilam.

225 2060 249 2094 ‚,
271 2015 313 2082 In
336 2014 487 2085 Nomine
507 2017 670 2090 Domini.
694 2021 824 2088 Amen.
848 2022 952 2090 Anno
972 2041 990 2087 a
1014 2015 1204 2103 Nativitate
1226 2013 1367 2106 eiusdem
1389 2012 1564 2088 miliefimo
1583 2009 1765 2104 ducentesi-

180 2141 209 2175 ,‚
230 2122 308 2184 mo,
330 2101 517 2174 Indidiione
540 2106 660 2185 tertia,
681 2105 736 2177 die
759 2105 849 2176 sexto
873 2099 994 2174 Mensis
1010 2103 1163 2196 Januarii
1185 2109 1369 2176 exeuntis:
1391 2105 1538 2176 Domina
1562 2103 1761 2193 Mercgnrdir

181 2228 204 2282 ‚s
224 2187 290 2256 Dei
312 2190 416 2274 gratia
442 2187 632 2264 Monasterii
668 2187 799 2262 sentite
819 2193 1010 2283 pieriaein
1034 2197 1080 2260 A
1096 2187 1194 2262 uiseia
1217 2185 1389 2264 Abbatissa
1411 2241 1423 2276 ,
1456 2189 1659 2281 presentibus
1682 2242 1696 2271 ,
1725 2196 1760 2260 &

179 2316 206 2372 ’3
224 2273 528 2377 consentientibus„
550 2299 582 2374 at
608 2303 646 2350 ue
670 2269 1047 2376 roleut'ibussororibus
1069 2210 1134 2350 suis
1155 2278 1460 2356 sandimonialibut
1492 2277 1638 2365 ejusdem
1671 2283 1764 2350 Cne-

181 2405 203 2439 22
226 2363 322 2432 nobii
333 2413 345 2446 ,
365 2365 511 2435 Domina
533 2377 601 2437 Her
623 2388 683 2454 urg
702 2363 878 2459 ‘Prioriffm
900 2365 1079 2451 Thamara,
1101 2370 1212 2440 Petris
1228 2418 1241 2450 ,
1259 2376 1389 2458 Agnete
1400 2417 1416 2454 ‚
1430 2364 1763 2453 consoranensis,

180 2493 202 2534 η
226 2448 399 2533 Adnuite,
420 2453 620 2551 Anzulera,
644 2455 930 2546 Hrngosiirnuort,
952 2456 1145 2546 trisrigrrnda
1165 2505 1177 2540 ,
1199 2465 1331 2531 verrem
1349 2505 1363 2543 ,
1384 2453 1544 2530 Mardildr‘
1561 2504 1573 2538 ‚
1593 2453 1729 2526 caecilia
1751 2504 1763 2538 ,

180 2579 204 2616 η
228 2555 326 2628 atque
348 2558 417 2608 tota
441 2565 507 2644 epus
527 2543 820 2630 congregatione,
838 2549 873 2612 ἃ
896 2545 1079 2632 capitulo.
1102 2589 1113 2611 .
1135 2597 1142 2612 .
1167 2545 1233 2614 tale
1254 2542 1334 2628 secit
1349 2544 1619 2620 ‚ordinamenturn
1636 2590 1646 2624 ,
1666 2543 1768 2614 &ina

180 2667 205 2700 η
226 2622 398 2708 stitutum,
422 2627 567 2701 scrsicet:
590 2629 682 2718 quod
705 2650 863 2720 perpetuo
885 2633 1052 2700 annuatim
1075 2633 1110 2700 in
1133 2631 1353 2702 anniversario
1377 2633 1547 2706 Dominae
1560 2631 1761 2718 Hirminpar-

182 2752 205 2787 o
226 2712 302 2796 dis,
321 2733 406 2799 qtrae
426 2719 596 2802 quondam
616 2715 761 2786 Hirmila
781 2721 816 2788 in
839 2714 958 2789 Casino
979 2717 1124 2788 coritiee
1145 2716 1398 2804 adpellabatur,
1419 2722 1454 2791 in
1477 2717 1549 2789 sero
1569 2719 1706 2802 vigilia»,
1726 2725 1760 2786 dc

181 2842 205 2878 ‚‚
225 2799 353 2901 piacito
373 2823 434 2887 pro
456 2806 564 2876 anima
587 2801 688 2894 ipfius
707 2807 847 2876 cantatis
867 2800 1023 2874 medietas
1044 2807 1140 2876 nnius
1161 2826 1314 2876 metretae
1337 2807 1433 2891 boni,
1455 2809 1487 2872 dc
1520 2807 1589 2875 uris
1601 2805 1669 2873 vini
1691 2801 1764 2872 san,

181 2932 204 2968 s,
225 2885 467 2962 &inaniuntur
485 2889 515 2961 e‘
537 2890 625 2965 sdem
647 2893 843 2968 Monasterii
865 2897 1081 2983 propinetur.
1105 2897 1144 2964 sn
1167 2892 1345 2972 crastinum
1365 2911 1477 2966 autent
1534 2895 1645 2961 omina
1676 2889 1756 2960 Ab·

182 3020 205 3053 η
225 2971 365 3061 ὖαῖιίεα,
385 2979 622 3072 qualicunque
645 2981 769 3067 suerit,
792 2985 939 3072 quinque
963 2978 1078 3052 Missas
1101 3005 1165 3072 pro
1185 2985 1293 3062 anima
1315 2977 1417 3072 ipfius
1436 2981 1596 3070 celebrari
1621 2977 1722 3047 saciat
1744 3024 1753 3053 ‚

179 3107 203 3143 n
224 3067 257 3132 &
280 3085 422 3169 quatuor
440 3065 562 3163 siariot
582 3073 678 3228 papis
701 3120 714 3156 ,
735 3076 768 3142 dc
790 3089 893 3144 unum
916 3067 1050 3143 starium
1070 3067 1251 3159 fabarum,
1274 3069 1453 3159 monibus
1479 3119 1490 3152 ,
1523 3063 1546 3138 sr
1570 3090 1637 3138 nnn
1661 3063 1767 3136 faterin

178 3196 203 3228 „
222 3173 399 3237 seruorum,
421 3178 582 3254 unumca
599 3182 654 3229 eus
676 3157 840 3234 sexdecim
870 3158 1079 3252 denariorum
1108 3179 1239 3248 moneta
1274 3162 1381 3236 valens
1402 3153 1625 3246 Aquisegenfis
1656 3177 1760 3245 pona·

179 3283 204 3316 „
223 3257 298 3321 tur,
319 3235 345 3310 ss
367 3261 478 3315 autem
499 3242 656 3332 jepuninm
680 3245 781 3320 suerit
808 3297 819 3333 ,
850 3249 929 3319 otto
950 3248 1056 3318 librae
1091 3252 1157 3332 piei
1180 3253 1214 3319 in
1237 3247 1359 3320 eisde'm
1390 3245 1475 3318 sabis
1499 3264 1695 3335 ponantur,
1725 3247 1759 3312 ἃ

179 3370 202 3405 n
222 3320 306 3398 duae
327 3353 407 3400 utne
429 3336 498 3403 vini
521 3333 720 3424 pauperibus
744 3339 800 3406 issa
823 3335 877 3406 die
899 3335 1165 3420 distribuantur,
1185 3355 1314 3408 tantum
1336 3356 1444 3407 tamen
1465 3333 1507 3408 de
1530 3333 1679 3424 praesato
1700 3355 1761 3419 pa·

179 3458 202 3495 2,
222 3419 341 3519 pes&
364 3423 615 3507 transnanto,
637 3422 728 3514 quod
751 3423 1054 3497 sandimoniasibus
1077 3426 1310 3514 praedicendo
1333 3427 1389 3496 isla
1414 3428 1541 3511 integer
1565 3424 1656 3511 panis
1688 3423 1761 3491 cui-

176 3546 200 3584 „
224 3501 309 3575 hbet
327 3509 364 3576 in
386 3509 549 3600 prandio,
569 3514 602 3583 δι
625 3513 750 3587 munna
775 3531 873 3602 atque
892 3536 1015 3606 purum
1037 3514 1153 3600 tinum
1174 3515 1290 3588 detur.
1313 3513 1344 3584 Si
1368 3531 1478 3586 autern
1498 3509 1644 3582 desestus
1676 3531 1758 3598 pau-

176 3594 201 3672 ,3
225 3613 341 3681 perum
363 3613 472 3671 tantus
494 3599 611 3692 aliquo
630 3622 778 3694 tempore
799 3606 886 3681 erit,
908 3589 998 3693 quod
1020 3603 1164 3687 resilias
1184 3608 1270 3674 inter
1293 3603 1380 3691 ipsos
1409 3598 1517 3679 dividi
1538 3621 1652 3674 omncs
1688 3619 1757 3668 non

176 3725 202 3760 n
223 3679 339 3770 possint
351 3728 363 3764 ,
384 3691 519 3770 omnia,
541 3712 626 3779 quae
647 3690 847 3782 pauperibus
865 3689 1072 3780 supererint,
1092 3694 1128 3764 in
1157 3693 1273 3764 eodem
1295 3691 1437 3764 cisusiro
1451 3685 1752 3760 sansiimonialibus
1862 3707 1867 3714 ·

178 3814 201 3848 n
222 3777 413 3876 memoratis
445 3776 594 3862 dentur,
624 3783 659 3849 dr
680 3782 765 3851 inter
786 3779 874 3872 ipsas
893 3782 1035 3877 aequali
1053 3783 1207 3880 portione
1229 3779 1418 3852 dividantur
1443 3825 1451 3844 ·
1484 3775 1616 3846 Eisdem
1648 3789 1758 3843 autem

175 3902 205 3938 ,‚
224 3855 532 3938 sansirmoniasibus
559 3889 609 3938 rx.
633 3867 762 3940 denarii
784 3869 953 3952 carnium,
976 3864 1001 3939 sr
1022 3891 1051 3958 Je
1066 3873 1182 3942 unium
1204 3891 1272 3938 non
1294 3865 1417 3948 suerit,
1438 3863 1492 3934 die
1514 3864 1571 3931 illa
1595 3879 1755 3937 emantur,

177 3989 203 4024 ss
222 3949 256 4015 &
277 3948 319 4018 de
341 3949 461 4024 eisdem
485 3957 640 4027 carnibus
670 3960 734 4027 tria
756 3955 877 4028 fercula
892 3959 936 4044 jo
958 3894 1101 4048 prandio
1132 3979 1210 4028 cum
1233 3957 1306 4026 aliis
1329 3954 1455 4036 rebus,
1488 3956 1520 4020 δι
1543 3947 1611 4020 duo
1633 3945 1757 4018 fercula

177 4077 202 4112 ‚s
221 4034 258 4104 in
278 4035 352 4110 sero
382 4043 428 4112 eis
450 4065 513 4131 pro
535 4047 642 4115 anima
666 4042 765 4152 ipsius
786 4041 1030 4117 ministrentur.
1062 4047 1097 4114 Si
1121 4065 1228 4116 autem
1261 4040 1421 4133 jejunium
1451 4039 1504 4110 die
1527 4039 1588 4108 illo
1622 4035 1757 4141 sinesin,

180 4141 302 4214 „runc
323 4129 539 4220 quadraginta
562 4131 690 4204 denaria
713 4133 853 4224 piscium
876 4131 1051 4231 praedisiit
1082 4131 1385 4207 sanutmonutrbus
1413 4148 1597 4208 emantur,
1628 4131 1660 4194 dc
1693 4145 1758 4230 tera

179 4207 345 4305 „fercula
366 4220 471 4292 eisin
495 4222 636 4312 prandio
658 4245 721 4312 pro
741 4225 848 4306 anima
866 4245 937 4309 ‚epus
958 4245 1035 4294 cum
1057 4221 1155 4294 disiis
1178 4221 1342 4312 piscibus,
1365 4223 1399 4288 dc
1429 4215 1503 4288 asiis
1533 4214 1628 4320 rebus
1663 4235 1757 4310 nunr-

178 4339 203 4379 ,ι
224 4295 384 4404 stfeutur.
404 4309 497 4383 Haec
521 4330 632 4391 autern
651 4311 785 4400 omnia,
805 4315 840 4382 δι
858 4307 989 4400 ¹singula
1013 4309 1229 4400 suprascripta
1252 4311 1394 4392 Domina
1416 4300 1602 4394 Abhorrffn.
1626 4325 1759 4408 praece-

177 4429 201 4467 »
220 4404 294 4476 1²¹1,
313 4395 347 4497 ὃς
368 4397 539 4474 constituit
563 4452 574 4487 ‚
605 4401 695 4492 qnod
726 4419 887 4492 perpetuo
918 4423 982 4490 pro
1005 4405 1115 4474 anima
1150 4397 1313 4490 praefatae
1335 4396 1572 4484 uimingarur
1604 4391 1760 4495 quolibet

177 4518 201 4644 τ
217 4489 615 4654 nemum
634 4484 1222 4648 s
1260 4574 1741 4734 n

189 4609 200 4640 t
227 4656 236 4668 ο
1367 4626 1378 4659 ,
1742 4607 1758 4624 “

177 4699 198 4732 ‚s
221 4678 256 4727 m
275 4654 486 4762 positorum,
504 4689 590 4756 quos
610 4667 739 4774 mansus
760 4689 824 4758 pro
845 4670 953 4770 opima
976 4663 1118 4772 ejusdfm
1140 4665 1394 4768 Hirmingerdir·
1473 4664 1580 4763 minus
1607 4651 1760 4724 Penthal-

173 4790 198 4830 ι»
218 4743 282 4822 lus
303 4748 500 4850 Purrerrbe
520 4752 1106 4856 Aqmerenpr,&rdnrurdmsmu
1126 4758 1413 4842 continuarem
1432 4746 1761 4916 st'p‘d'fflfssigffi
