4025 5367
581 274 740 343 Patr
824 268 1264 348 liutran:

33 364 34 369 Ἰ
113 378 122 395 ’
175 400 274 475 VIII.
296 399 478 472 sacrarium
498 401 531 467 S.
552 390 783 487 Jacobicnam
805 396 894 469 aliud
916 397 998 469 illud
1024 395 1071 469 est
1092 423 1110 468 a
1133 397 1275 469 sacrario
1296 396 1456 489 principis
1477 295 1716 488 templi)m5ula

117 490 162 559 tis
184 491 328 563 ditatum
351 487 395 558 eli
417 484 684 559 Christianarum
717 484 949 571 antiquitatum
973 488 1139 574 reliquiis.
1173 488 1307 568 Quanta
1343 488 1601 574 Evangeliorum
1620 486 1718 559 codi-

115 602 191 648 cem
213 602 289 651 cura
312 573 505 667 prosequuti
539 567 601 640 srnt
624 569 831 654 Christiani,
855 575 962 661 plures
986 574 1188 645 eruditiffimi
1213 579 1278 643 viri
1301 576 1524 657 edocuerunt,
1544 575 1717 646 turrianus

115 689 197 739 curn
219 670 355 757 primis,
375 668 409 733 bc
430 660 655 746 colladonirts.
689 660 889 749 Exemplum
912 660 1009 749 liujus
1031 666 1067 731 in
1088 660 1215 733 sacmm
1237 664 1332 734 illum
1356 664 1508 733 codicem
1531 666 1718 733 reverentiae

115 754 171 823 ibi
194 756 343 826 cernitur
365 753 438 823 sane
459 745 813 821 commemorandum.
847 750 1022 820 Servantur
1041 752 1132 820 enim
1153 752 1204 819 ibi
1235 771 1394 837 argentea
1424 750 1574 833 tabule,
1595 750 1720 839 quibus

115 844 301 931 Evangelia
321 860 354 911 te
377 839 515 911 ebantur
535 882 548 917 ‚
581 854 678 925 atque
701 837 736 905 in
760 834 879 906 hatum
900 838 1000 909 altera
1033 836 1206 927 pendentis
1226 860 1243 905 e
1264 842 1374 910 Cruce
1397 840 1559 921 Domini,
1580 844 1614 908 ὃν
1635 862 1722 926 qua-

113 948 195 1003 tuor
217 928 322 1004 adfixi
339 862 443 999 clavis
464 931 575 1017 imago
597 922 775 994 exhibetur
807 946 884 995 cum
907 924 972 995 hoc
993 926 1096 995 titulo
1127 926 1310 1008 IHESVS,
1329 926 1415 997 ‘hinc
1438 948 1537 1015 atque
1559 927 1654 995 illinc
1678 924 1722 995 ati

115 1036 217 1109 caput
240 1017 376 1109 Angelis
405 1016 534 1087 duobus
555 1010 712 1085 flentibus
733 1060 745 1095 ,
779 1009 820 1081 ad
845 1011 942 1102 pedes
965 1015 1075 1083 Maria
1106 1018 1141 1087 &
1171 1010 1314 1106 Johanne
1334 1013 1523 1089 dolentibus
1545 1012 1722 1085 infandum

115 1104 273 1189 lacinuss
295 1110 329 1177 in
352 1104 452 1176 altera
475 1127 554 1174 vero
577 1122 719 1190 quatuor
741 1099 1069 1173 circumadstantibus
1098 1103 1236 1191 Angelis
1257 1099 1366 1173 Icclens
1387 1105 1534 1176 Salvator
1555 1105 1722 1174 Dominus

115 1195 320 1285 conspicitur
340 1191 508 1264 dexteram
530 1192 709 1269 attollens,
742 1188 999 1279 Evangeliorum
1033 1190 1156 1261 librum
1194 1210 1307 1259 tenens
1338 1188 1496 1261 linistra.
1529 1192 1595 1260 Ha
1617 1212 1723 1283 porro

115 1285 183 1353 ima
208 1282 278 1353 ines
301 1284 486 1374 prominent
507 1300 643 1359 omnes,
664 1291 825 1363 argentee
847 1278 945 1361 sunt,
967 1302 1113 1369 auroque
1135 1279 1251 1348 illitae.
1285 1277 1366 1362 Quo
1388 1296 1541 1369 praterea
1564 1276 1616 1346 lrae
1637 1296 1724 1349 con·

116 1304 321 1457 clucluntur,
344 1392 462 1455 margo
483 1372 518 1437 in
544 1366 707 1466 sexdecim
730 1382 863 1449 argento
884 1368 1030 1435 intextos
1049 1368 1222 1438 orbiculos
1243 1363 1306 1435 imi
1328 1369 1463 1439 coerulci
1487 1368 1650 1455 eleganter
1667 1366 1723 1436 di-

117 1455 319 1547 stinguiturr
352 1480 463 1532 cruces
486 1455 606 1527 adversi
631 1448 812 1535 exhibent,
835 1451 952 1538 srnguli
977 1453 1099 1523 adversi
1121 1474 1232 1525 autem
1253 1458 1301 1523 ita
1322 1453 1369 1526 dil
1419 1455 1471 1526 liti
1494 1457 1585 1541 lunt,
1607 1476 1645 1529 ut
1667 1453 1723 1526 su·

98 1548 265 1636 ·periores
287 1566 454 1637 quatuor.
487 1544 645 1635 Johcnnes
667 1537 904 1625 Evangelilia,
940 1539 1065 1608 Cruces
1088 1542 1182 1623 duae,
1212 1564 1248 1611 ac
1271 1550 1361 1613 Matr
1385 1568 1472 1627 aerrr,
1494 1546 1665 1617 inferiores
1688 1548 1726 1612 8.·

117 1642 278 1717 Marcus,
299 1632 373 1706 duae
394 1640 475 1703 item
497 1634 643 1709 Cruces,
666 1648 703 1696 ac
726 1635 758 1693 S.
782 1632 906 1706 Lucas,
928 1630 1083 1727 eom-qui
1117 1654 1135 1698 a
1168 1628 1325 1697 lateribus
1346 1628 1447 1716 lunt,
1478 1656 1621 1724 quatuor
1642 1632 1724 1705 hinc

118 1740 223 1809 atque
246 1723 341 1789 illinc
364 1722 490 1790 Cruces
524 1730 711 1787 exornent.
744 1710 820 1783 Nec
842 1710 1116 1800 praetermittendi
1138 1711 1215 1793 sunt
1243 1730 1309 1781 tres
1341 1726 1483 1803 argentei
1505 1727 1643 1806 calices,
1665 1742 1724 1791 ω.

119 1828 261 1892 rumque
285 1824 428 1892 patente.
450 1805 552 1889 Quod
576 1800 617 1872 ad
639 1799 754 1870 calices
775 1797 925 1880 adtinet,
947 1798 1022 1867 sunt
1044 1801 1096 1889 illi
1119 1796 1243 1871 affabre
1265 1798 1454 1893 elaborati,
1484 1812 1644 1898 variisque
1666 1833 1725 1878 or.

120 1893 195 1961 nati
217 1888 348 1975 liguris.
381 1889 507 1977 Maiori
528 1891 687 1961 diameter
709 1883 754 1957 est
777 1904 902 1975 quartae
923 1887 1027 1974 partis
1056 1878 1255 1972 l’rstort'tnsta
1279 1886 1363 1955 ulne
1384 1937 1399 1973 ,
1432 1892 1575 1967 altitudo
1598 1898 1726 1985 paullu-

117 2000 191 2069 lum
213 1992 299 2065 insra
321 1994 780 2098 semulnamJiQrknsem.
813 2000 897 2063 Hoec
919 2012 1029 2061 autem
1048 1996 1102 2098 illi
1124 1996 1283 2100 inscripta
1305 1994 1399 2070 sunt:
1429 2002 1605 2085 uveralti·
1627 2026 1642 2074 e
1664 1984 1728 2074 I3fc‘

117 2118 156 2179 S.
175 2104 303 2195 vagari
322 2104 358 2171 cle
381 2112 466 2175 Luca
488 2106 579 2175 ordis
602 2100 650 2171 nd
680 2115 740 2188 qut
753 2095 843 2190 [τείν
865 2104 998 2185 Tanain.
1031 2122 1095 2169 ano
1125 2102 1198 2173 Dni
1221 2090 1729 2183 uccc.xxvrn1.cdhofe‘mnci

116 2194 254 2285 σννῖἷαία
277 2213 410 2295 Μανία,
432 2232 547 2300 nempe
570 2208 625 2291 isle
647 2210 733 2282 calix
753 2208 793 2291 efl
812 2212 905 2281 Ῥεννί
915 2218 973 2281 Str
992 2207 1117 2297 vagati
1137 2212 1175 2281 de
1194 2220 1281 2285 Luca
1303 2215 1430 2285 ordinis
1452 2216 1732 2299 radicaturum·

115 2298 302 2390 quemfecit
323 2300 486 2371 Tondirrtrs
506 2300 723 2371 manamine·
748 2301 884 2387 1329ad
903 2294 1049 2367 bonorem
1069 2300 1132 2368 nei
1152 2302 1325 2372 Genitrr'ct's
1337 2304 1468 2375 Μανία.
1480 2306 1633 2375 Breviore
1655 2305 1728 2392 epi-

116 2410 176 2477 gra
202 2388 244 2459 he
266 2404 402 2459 notatur
421 2388 549 2459 medius
569 2387 674 2457 calix:
701 2410 737 2456 ea
759 2384 917 2474 ejulnrodi
933 2382 985 2455 'eli
1009 2390 1047 2462 ›1‹
1070 2383 1167 2474 istem
1187 2387 1319 2459 calicem
1332 2388 1420 2479 fecit
1442 2392 1546 2465 Vitale
1566 2389 1666 2460 ‘I’culr'
1684 2391 1723 2459 de

115 2412 278 2559 I’isllrio.
300 2474 404 2546 Nihil
427 2479 528 2547 tertio
551 2473 647 2545 calici
672 2475 885 2561 inscriptum.
908 2476 1035 2544 Patrne
1056 2467 1230 2561 fingularis
1249 2474 1323 2547 sunt
1344 2477 1481 2563 forma,
1500 2504 1578 2550 nam
1601 2479 1726 2566 septen

115 2566 153 2633 in
177 2565 247 2635 illis
269 2564 416 2635 orbiculi
439 2560 581 2635 totidem
603 2560 720 2632 hostiis
741 2560 943 2649 excipiendis
966 2560 1118 2631 destinati
1141 2612 1152 2645 ,
1183 2586 1325 2650 quorum
1347 2569 1405 2655 qui
1429 2569 1557 2639 medius
1579 2566 1644 2647 est,
1667 2588 1724 2635 ce·
1861 2588 1865 2594 ·

100 2654 197 2722 aeris
219 2652 446 2740 magnitudine
469 2646 630 2752 praestat.
665 2646 814 2751 ll⁰ffi²a
828 2670 931 2748 quam
953 2647 1138 2749 Sacerdos,
1172 2648 1224 2753 Ieu
1257 2654 1411 2755 Pontiiex
1441 2654 1579 2726 sumeret
1591 2700 1613 2756 ‚·
1623 2655 1661 2720 In
1674 2675 1726 2725 eo

115 2735 622 2986 urltrunllllru
644 2737 719 2894 ln
739 2735 898 2892 urle
913 2731 1392 2921 irruiturum
1405 2744 1726 2934 ‚velarunt

116 2940 140 2985 o
181 2935 264 2987 ate.
747 2978 750 2987 Δ

178 3008 238 3075 ΙΧ.
271 3002 330 3075 Ell
351 3004 451 3077 etiam
472 3006 506 3074 in
529 3000 689 3075 cubiculo
711 3002 824 3099 aditui
847 3000 987 3072 eburnea¹
1009 3000 1144 3084 tabula,
1168 3016 1241 3093 quae
1263 3018 1356 3093 pars,
1386 3019 1424 3077 ut
1446 3023 1549 3097 puto,
1570 3000 1726 3091 dyptichi

114 3090 207 3163 luit.
230 3094 282 3161 En
306 3094 394 3163 illius
417 3094 580 3182 ectypona
609 3096 650 3161 In
676 3094 831 3161 inleriore
853 3092 1021 3173 latrrculo
1038 3090 1221 3178 sepulcrum
1244 3090 1442 3176 exhibetur,
1464 3096 1499 3162 in
1523 3106 1591 3181 quo
1612 3110 1726 3177 tumu-

113 3180 207 3251 latus
230 3176 293 3249 fuit
315 3174 479 3250 Dominus
500 3230 512 3263 ‚
542 3200 679 3265 eumque
701 3182 737 3247 in
758 3176 840 3250 illud
864 3178 1011 3275 inferunt
1032 3172 1190 3333 {elephas
1212 3180 1254 3248 ab
1276 3179 1502 3261 Arimathac,
1523 3182 1557 3248 bc
1578 3178 1726 3265 Nicode-

112 3266 341 3337 mus:.arbor
362 3264 497 3336 hortum
518 3266 665 3349 indicat,
687 3270 721 3334 in
744 3289 811 3354 quo
831 3260 923 3356 inille
957 3270 987 3334 lc
1012 3287 1141 3351 uerum
1163 3265 1322 3359 [lohannes
1345 3272 1380 3336 in
1406 3268 1588 3355 Evangelio
1613 3262 1726 3353 perhi-

113 3356 199 3424 bet.
221 3352 327 3432 Duae,
350 3374 423 3440 qua
446 3346 559 3425 tientes
581 3352 621 3424 ad
644 3348 825 3442 sepulcmm
848 3350 954 3436 stant,
1021 3358 1118 3422 minae
1140 3374 1182 3423 ex
1203 3356 1271 3424 illis
1293 3374 1397 3425 erunt·
1411 3352 1622 3434 mulieribus,
1644 3372 1725 3439 quas

114 3464 158 3511 ex
183 3450 295 3512 Marco
319 3440 436 3513 scimus
459 3440 585 3511 Christi
621 3460 761 3513 mortem
785 3434 965 3531 specialior
990 3458 1057 3511 non
1081 3459 1190 3513 tamen
1212 3440 1322 3513 Μανία
1339 3444 1481 3513 Domlni
1514 3443 1626 3510 Mater
1645 3444 1726 3509 San-

114 3528 274 3611 erinna,
298 3554 372 3619 que
395 3530 504 3617 aliqm
528 3528 706 3601 sanctitatis
729 3549 808 3601 nota
833 3526 940 3599 fulllet
961 3527 1137 3613 distincta,
1159 3548 1196 3601 ut
1219 3535 1254 3600 in
1275 3528 1439 3621 superiore
1461 3532 1650 3600 laterculo.
1682 3533 1726 3607 ln

114 3616 181 3689 hoc
205 3640 320 3707 nempe
344 3623 378 3687 δι
401 3619 540 3701 nImbo,
560 3622 593 3687 δι
616 3642 710 3691 cruce
734 3618 848 3689 Μανία
862 3617 1030 3690 indicatur
1045 3640 1154 3707 „quas
1176 3642 1255 3691 cum
1274 3616 1404 3690 duobus
1426 3614 1726 3715 InualleAposto-

113 3707 158 3776 lis
181 3708 394 3776 Dominicam
418 3706 685 3777 resurrectionem
708 3706 931 3797 prestolatur.
954 3710 1107 3796 Sequitur
1128 3704 1279 3779 Christus
1301 3706 1341 3777 acl
1365 3708 1487 3777 inferos
1507 3702 1726 3785 delcendens,

115 3794 285 3883 nudosque
308 3790 370 3863 libi
393 3795 529 3864 obviarn
552 3792 676 3865 habens
723 3816 798 3866 roto
824 3794 953 3866 arentes
968 3794 1096 3866 nollros
1114 3797 1285 3866 Μίανννννν
1304 3802 1338 3863 &
1361 3804 1514 3864 rictam.
1552 3794 1647 3859 Mors
1667 3813 1726 3860 ao·

115 3900 191 3955 tem
211 3883 352 3973 pedibus
376 3878 497 3953 horum¹
520 3888 661 3967 teritur,
684 3816 727 3954 al
749 3818 827 3975 Jrlrl
850 3882 998 3954 dorma
1448 3970 1455 3985 ·
1548 3968 1556 3985 ⁸
1656 3970 1662 3982 Ι

168 3974 210 4041 Χ.
242 3969 384 4061 Infignia
408 3974 536 4069 pulpita
559 3972 627 4069 ouo
649 3973 827 4129 anaglyphi
848 3974 956 4060 operis
981 3970 1112 4041 Piliorii
1133 3968 1380 4047 lunt,clttrurn
1398 3968 1587 4056 qmdemrn'
1602 3965 1727 4039 aedibus

119 4068 150 4127 S.
174 4056 352 4151 yolannis,
372 4080 410 4131 ut
433 4082 523 4151 arunt
537 4060 726 4149 lorciaitc,
747 4078 884 4131 atemm
906 4062 1016 4129 multo
1037 4060 1180 4129 nobilius
1200 4076 1300 4143 atque
1322 4060 1500 4144 elegantius
1521 4060 1556 4125 in
1578 4058 1726 4144 Templo

119 4156 150 4217 S.
172 4152 339 4219 Andreae.
372 4150 595 4237 Hexagonum
611 4147 680 4221 ¹hoc
702 4146 782 4231 est,
816 4150 845 4217 lc
870 4167 939 4237 tem
961 4144 1097 4216 fulcitur
1120 4145 1304 4224 columnis,
1326 4169 1465 4234 quarum
1486 4150 1559 4232 quja
1582 4149 1726 4213 minores

123 4232 191 4304 lunt
212 4253 378 4325 quatuor,
399 4253 541 4327 quatuor
565 4239 714 4309 nituntur
737 4172 933 4307 animalibus
956 4236 1111 4322 Aquila,
1134 4225 1267 4314 Leoni,
1292 4232 1443 4313 homini,
1468 4236 1591 4301 leam
1615 4235 1726 4301 Leun-

128 4320 264 4411 ffllllnue
296 4326 382 4397 luis.¹
424 4324 590 4413 Insculpta
623 4324 681 4397 est¹
702 4328 809 4413 prim'o
846 4322 1003 4397 laterculo
1035 4323 1175 4393 Domini
1206 4323 1393 4402 nativitas,
1429 4320 1568 4392 secundo
1603 4321 1725 4406 Mago-

125 4430 198 4476 rum
216 4414 382 4495 adoratio,
405 4418 504 4483 tertio
529 4416 760 4483 Innocentium
782 4411 883 4481 tcedes
904 4462 915 4495 ,
937 4427 1057 4499 quarto
1087 4404 1258 4480 crucifixio
1289 4412 1490 4492 Dominica‚
1511 4412 1631 4497 quinto
1649 4410 1725 4483 mli·

126 4495 241 4656 wlfr
261 4502 443 4593 judicium.
467 4506 507 4573 ln
531 4498 623 4573 sexto
645 4501 685 4575 ad
708 4502 874 4591 pulpitum
896 4517 985 4590 patet
1008 4494 1192 4587 ingrellus.
1224 4498 1306 4568 Haec
1327 4522 1429 4590 porro
1460 4500 1585 4570 circum
1607 4494 1725 4567 inscri-

123 4603 182 4674 pta
215 4610 300 4678 eges.
355 4638 361 4654 a
559 4652 564 4665 .
606 4604 610 4616 '
1014 4610 1019 4623 ’
1061 4609 1077 4642 ³·
1407 4594 1444 4611 '⁸

1553 4759 1681 4843 Lctrdt,
