4025 5367
632 298 1135 379 Pan'Imaat
1199 318 1314 367 aar.

906 500 1099 571 tx.⁴

552 675 688 756 Honoris
704 680 723 753 s
732 683 774 753 V.
792 677 924 747 Littera
947 675 989 747 ad
1009 672 1239 747 scnemata.
1258 674 1375 751 Edidit

673 763 678 771 ’
765 762 978 839 Martnrtlsus
994 784 1071 857 pag.
1097 782 1173 858 131.

260 950 425 1021 Honorius
446 944 630 1051 Episcopus
661 943 775 1015 se'rrus
794 935 964 1012 servorum
987 940 1083 1023 Dei,
1106 939 1245 1011 Dileslis
1265 934 1343 1011 filiis
1367 934 1546 1021 Potestati,
1569 934 1719 1015 Consilio
1744 990 1759 1026 ‚

168 1044 251 1125 ἠδε
271 1039 762 1113 Communiatuxtmanarum,
780 1029 935 1111 salutem,
958 1036 990 1099 dt
1014 1026 1252 1119 Apostolieam
1270 1026 1558 1100 benedidionem.
1613 1040 1617 1049 '
1694 1100 1697 1105 ,

257 1172 280 1210 ,,
302 1126 445 1215 Quanto
469 1122 605 1213 majoris
620 1120 812 1192 devotionis
830 1114 983 1189 affectum
1005 1167 1019 1199 ,
1044 1122 1080 1187 ἃ
1100 1116 1299 1189 obedientiae
1322 1114 1623 1206 promptitudinem
1641 1117 1760 1205 potio·

169 1224 198 1295 ',‚
218 1212 264 1282 ris
283 1234 362 1303 erga
381 1225 552 1303 Quanam
571 1206 752 1282 Ecclestam
775 1226 915 1275 matrem
932 1204 1075 1277 vestram
1094 1202 1214 1299 babere
1237 1204 1412 1277 noscimini
1422 1256 1434 1290 ,
1454 1222 1555 1275 tanto
1571 1198 1758 1276 fiducialius

172 1342 199 1383 „
221 1298 380 1385 restrum,
403 1300 597 1389 vestraeque
612 1295 957 1367 Civitatisauxilium
975 1300 1009 1363 δι
1033 1290 1181 1365 savorem
1202 1295 1400 1388 requirimus
1419 1298 1456 1363 in
1477 1291 1576 1383 ipfius
1597 1289 1754 1369 Ecclesrae

171 1420 198 1471 ,t
216 1386 385 1477 obsequiis
401 1388 604 1481 exequendis
625 1435 637 1453 .
667 1387 749 1467 Sane
770 1403 883 1470 grates
947 1384 983 1451 δι
1003 1402 1171 1452 aenotmes
1188 1382 1331 1451 excelsus
1349 1430 1361 1463 ,
1382 1404 1465 1471 quos
1484 1382 1674 1471 iniquitatis
1693 1376 1758 1449 filii

167 1519 195 1559 „
216 1481 479 1559 Mercennarius,
499 1472 680 1562 smynaldas
701 1522 712 1555 ,
733 1476 770 1541 dc
789 1431 988 1544 Gullirsmtts
1014 1468 1167 1539 Simnnrti
1199 1466 1315 1537 l'ratrcs
1335 1472 1379 1541 de
1398 1467 1502 1557 ,desto
1527 1486 1641 1541 contra
1663 1490 1721 1541 nos
1743 1515 1759 1550 ‚

166 1609 194 1651 ,‚
214 1566 250 1631 dc
270 1565 419 1635 eamdem
440 1563 621 1635 Ecclesiam
640 1558 719 1632 auso
739 1556 925 1629 damnabili
944 1554 1100 1627 hactenus
1118 1554 1372 1653 commiserunt,
1396 1556 1476 1627 licet
1498 1556 1574 1627 illos
1582 1556 1756 1645 divulgan-

169 1696 195 1734 ,‚
216 1652 260 1717 tis
281 1650 382 1720 famae
400 1651 563 1721 relatibus
580 1648 623 1721 ad
644 1647 785 1719 vestram
802 1648 958 1725 notitiam
977 1638 1156 1735 pervenisse
1182 1644 1352 1717 credamus
1373 1691 1385 1726 ‚
1405 1644 1502 1714 vobis
1522 1656 1695 1732 tamquam
1714 1638 1756 1715 fi·

168 1750 196 1818 ,3
214 1734 350 1805 delibus.
364 1735 470 1815 filiis,
488 1743 525 1806 δι
543 1738 671 1807 devotis
693 1756 808 1805 tenore
852 1734 1039 1805 calentium
1051 1728 1209 1821 duximus
1222 1728 1447 1801 intimandos.
1468 1729 1602 1801 Praesati
1613 1744 1756 1819 namque

170 1870 195 1906 ‚s
217 1823 533 1908 mercennariam&
554 1822 673 1894 fratres
693 1822 798 1911 lpfius
830 1825 880 1894 uis
900 1819 1029 1893 finibus·
1048 1844 1120 1892 non
1138 1825 1310 1903 contenti,
1331 1824 1367 1887 δι
1388 1818 1582 1889 extollentes
1594 1820 1629 1886 in
1642 1817 1755 1906 super-

172 1956 195 1991 „
217 1903 284 1974 biae
306 1912 468 1980 verticem
497 1929 643 2002 mentem
671 1914 796 1995 luam,
824 1912 1006 1989 Civitatem
1030 1905 1185 1997 Atfinant
1204 1928 1323 1979 contra
1342 1906 1537 1979 mandatum
1555 1904 1675 1977 dilecti·
1690 1902 1755 1973 filii

170 2034 195 2079 „
215 1992 372 2078 Magistri
391 1995 530 2089 Giffredt‘
547 1998 756 2085 deAnmnt'a
773 1994 915 2067 Notarii
933 1994 1039 2066 noliti-
1059 1992 1214 2065 marchia
1237 1997 1452 2065 Anmairanae
1474 1994 1630 2075 Restatis
1650 2012 1752 2065 teme-

167 2120 192 2165 „
212 2099 253 2146 re
281 2079 412 2167 ingredi
431 2124 447 2157 s
472 2089 507 2152 lic
539 2081 609 2171 ejus
635 2086 836 2168 capiceriam
856 2105 927 2153 non
946 2080 1012 2153 stne
1035 2082 1141 2155 multa
1161 2081 1415 2171 presumptione
1436 2079 1561 2171 recepii
1583 2082 1630 2151 ab
1649 2077 1751 2169 ipsus

167 2216 193 2254 ‚‚
212 2169 347 2254 populo
361 2168 545 2259 Ciuitatis.
563 2172 718 2257 Cumque
740 2169 956 2257 postmodum
971 2167 1112 2253 lindisi,
1133 2165 1186 2238 seu
1196 2164 1448 2253 prostratores,
1469 2174 1503 2239 δι
1523 2170 1633 2241 nuntii
1646 2170 1753 2239 Com·

167 2304 192 2344 ,‚
211 2258 320 2324 munis
340 2255 499 2327 Civitatis
515 2255 656 2345 ejusdem
677 2260 694 2337 ‚'
720 2281 759 2331 ac
781 2257 1017 2339 mercennarii,
1043 2260 1080 2325 dc
1107 2254 1248 2329 stainam
1266 2254 1417 2347 ipsorum
1436 2256 1480 2329 ad
1501 2256 1648 2327 nostram
1667 2278 1754 2345 ptae-

167 2394 191 2431 ,‚
213 2339 352 2412 sentiam
370 2344 561 2418 accessisent
582 2345 682 2433 ipsius
703 2348 777 2414 tice
803 2395 813 2425 ,
846 2352 883 2415 δι
904 2346 1041 2417 ηοωίηε
1064 2344 1289 2427 Communis,
1309 2350 1345 2414 dt
1365 2344 1578 2417 Mercennarit'
1589 2392 1601 2427 ,
1623 2366 1660 2413 ac
1682 2342 1753 2415 fra-

167 2482 192 2518 „
213 2446 304 2499 rrum
322 2432 557 2517 ptaedtciorum
576 2432 672 2520 super
693 2432 846 2507 omnibus
867 2432 1069 2509 cxceffibust
1087 2430 1240 2519 injuriis,
1256 2428 1385 2503 offenfis
1402 2474 1418 2517 ‚
1436 2436 1472 2503 dc
1492 2430 1626 2503 damnis
1644 2432 1748 2505 illatis

168 2568 192 2604 „
214 2517 326 2585 abeis
348 2522 467 2599 nobis,
488 2526 523 2587 δι
545 2518 652 2588 eidem
674 2517 852 2602 Ecclestae,
871 2542 910 2587 ac
932 2512 1102 2589 nonnullis
1121 2521 1321 2591 decivitate
1368 2518 1524 2603 radidit,
1541 2524 1575 2588 dc
1588 2520 1752 2608 aliisqui·

168 2654 194 2692 ‚,
215 2600 415 2695 bustumque
436 2606 608 2693 personis,
625 2624 667 2675 ex
687 2626 731 2673 eo
748 2605 839 2693 quod
860 2604 968 2675 iidem
985 2606 1228 2675 Mercennarius
1246 2656 1262 2689 ,
1287 2610 1323 2675 dt
1342 2543 1458 2681 stanes
1478 2627 1596 2679 contra
1607 2606 1752 2681 'manda-

165 2740 193 2778 „
216 2706 292 2761 tum
319 2692 471 2763 Restatis
504 2690 679 2783 ejusdem,
706 2687 791 2765 ficut
809 2692 1024 2783 premittitur
1044 2682 1063 2777 ‚'
1078 2688 1203 2761 diuam
1221 2694 1405 2765 Civitatem
1426 2696 1586 2765 violenter
1607 2696 1750 2769 intrate·
1875 2722 1879 2735 ¹

167 2828 195 2864 „
212 2795 312 2861 tant,
332 2780 494 2868 quodque
512 2776 690 2871 praefatum
707 2779 895 2851 Commune
915 2777 1089 2861 insnum,
1111 2782 1144 2847 δι
1166 2778 1260 2851 diota
1278 2774 1444 2851 Citita'tis
1471 2780 1668 2863 Resiorem,
1692 2780 1748 2852 seu

169 2916 197 2953 ,‚
214 2866 438 2952 capitaneum
454 2870 710 2939 mercenarium
726 2864 958 2957 alliampserant
977 2865 1226 2960 supradictum,
1244 2868 1370 2949 libere,
1393 2866 1541 2938 absolute
1560 2914 1571 2950 ,
1603 2892 1639 2937 ac
1663 2892 1748 2956 prae-

166 3004 191 3040 „
213 2948 277 3019 eise
298 2954 415 3025 nollris
434 2961 511 3047 p&
531 2954 678 3042 ejusdem
697 2952 852 3028 Ecclesiae
883 2954 967 3025 state
997 2951 1191 3039 mandatis,
1214 2958 1249 3022 δι
1281 2956 1496 3043 beneplacitis
1516 2954 1702 3043 juraverunt
1733 3005 1749 3043 ,

167 3038 328 3125 „Nobis
360 3042 580 3113 nihilominus
608 3067 650 3111 ex
683 3057 778 3131 parte
797 3042 973 3114 memorati
993 3041 1195 3113 Communia
1213 3064 1294 3113 cum
1312 3043 1466 3113 instantia
1497 3042 1712 3131 supplicantes
1732 3093 1747 3127 ‚

166 3177 193 3212 „
214 3144 254 3195 ut
274 3128 467 3199 Reciotiam
483 3132 644 3203 Civitatis
663 3128 812 3217 ejusdem
825 3132 974 3219 recipere
994 3133 1029 3201 di
1074 3134 1222 3201 aremus.
1245 3130 1325 3200 Nos
1344 3128 1453 3203 autem
1475 3150 1546 3199 non
1565 3130 1748 3219 solumpro

164 3264 195 3301 „
212 3214 375 3285 Civitatis»
391 3212 524 3305 iplius,
555 3240 671 3289 verum
700 3220 802 3285 etiam
822 3218 947 3289 circum
968 3153 1090 3321 posta
1105 3210 1271 3304 Regionis
1286 3217 1373 3290 statu
1394 3218 1575 3307 tranquillo
1596 3221 1630 3287 8ι
1677 3208 1745 3293 tos-

165 3352 191 3389 „
213 3321 321 3389 pem,
338 3302 492 3391 praedidli
510 3304 698 3376 communis
716 3306 887 3392 praecibus
907 3305 1082 3394 benignius
1097 3306 1252 3375 inclinati·
1273 3307 1476 3398 Restoriam·
1487 3301 1587 3395 hujus
1664 3305 1747 3377 'du-

165 3440 192 3477 „
212 3392 323 3460 ximus
342 3392 586 3463 admittendam
603 3392 748 3497 lyndieis
764 3442 782 3476 r
809 3392 865 3464 scu
884 3392 1156 3483 procuratoribus
1173 3440 1188 3473 ,
1207 3390 1418 3483 injungentes
1434 3392 1580 3477 eisdem,
1600 3412 1639 3464 ut
1660 3393 1747 3466 dile„

164 3528 193 3565 ‚,
210 3476 306 3547 stum
323 3476 431 3551 filium
450 3480 600 3549 nobilem
621 3500 731 3551 rtrum
749 3478 930 3561 Nicolaum
951 3478 1082 3551 dinam
1101 3482 1338 3552 Borramatr'rrm
1359 3480 1400 3553 tle
1423 3480 1744 3561 mbeinuectorem
1848 3512 1853 3521 ¹

163 3615 187 3650 ,.
206 3564 264 3636 seu
283 3566 480 3639 Poteslatem
499 3570 662 3643 Ciuitatis
677 3566 889 3664 admitterent
920 3569 1134 3659 praelibate.
1186 3560 1315 3641 Verum
1343 3574 1379 3640 dt
1399 3566 1427 3661 li
1446 3568 1604 3663 prefatus
1620 3571 1751 3641 nobilis

143 3726 147 3733 ,
167 3704 191 3740 ,,
211 3654 251 3722 in
268 3653 467 3743 potestatem
485 3658 648 3725 Civitatis
667 3652 811 3744 eiusdem
831 3653 988 3729 admilsus
1004 3659 1151 3744 extiterit
1173 3678 1192 3725 a
1213 3656 1343 3747 Sydicis
1357 3654 1570 3745 smentotatis,
1592 3662 1671 3744 quia
1691 3676 1744 3730 ta·

165 3790 193 3827 „
210 3764 289 3813 men
308 3744 718 3833 pertranseuntium&
738 3740 839 3838 ipstus
857 3741 991 3830 iratres,
1013 3766 1051 3815 ac
1072 3742 1216 3815 fautores
1227 3792 1237 3827 ,
1258 3749 1293 3813 δι
1312 3747 1515 3839 οφιιιρῐὶεες,Ι
1534 3763 1574 3813 ut
1595 3748 1673 3830 pote
1685 3765 1744 3833 pa-

161 3848 192 3915 ',‚
209 3849 301 3901 ratos
318 3832 362 3903 ad
383 3832 531 3917 malum,
549 3854 646 3923 prom
670 3851 727 3913 tos
744 3830 785 3902 ad
808 3830 958 3903 scandala
978 3882 993 3914 ,
1020 3834 1056 3899 δι
1076 3828 1242 3919 expositos
1262 3830 1307 3902 ad
1326 3828 1467 3901 offensas
1484 3829 1627 3918 ejusdem
1648 3832 1746 3899 Pote-

163 3968 190 4004 „
210 3917 303 3989 statis
317 3970 332 4004 ,
345 3944 446 4009 quem
467 3921 551 3992 illuc
569 3946 610 3993 co
678 3939 771 3991 enter
792 3914 1052 4001 transmisimus,
1073 3920 1222 4011 regimen
1239 3918 1437 4005 turbabatur
1460 3966 1472 4000 ,
1496 3938 1554 3987 eos
1573 3938 1629 4005 per
1651 3940 1746 3989 eum-

162 4056 188 4092 „
208 4005 288 4078 dem
306 4008 486 4082 Reciorem
504 4012 635 4080 moneri
655 4008 884 4078 mandarimus
904 4057 918 4089 ‚
947 4026 985 4077 ut
1008 4003 1178 4077 P'otellatis
1197 4002 1300 4093 ipsus
1317 4006 1434 4076 devote
1455 4002 1619 4077 mandatis
1639 4007 1748 4077 inten-

170 4142 194 4178 ‚,
214 4096 328 4165 duent
352 4102 420 4181 ,bt
443 4118 624 4187 parerent.
667 4100 716 4167 At
736 4098 791 4167 illi
811 4092 997 4184 hujumodi
1019 4091 1138 4165 nostris
1160 4093 1299 4165 monitis
1318 4090 1682 4183 paenitustilipenlis,
1713 4090 1745 4188 se

165 4230 192 4266 „
212 4180 256 4251 ad
276 4173 368 4257 acius
384 4206 610 4279 convertentes
630 4184 795 4267 aerarios,
814 4190 849 4255 δι
870 4186 959 4256 vitus
970 4234 986 4268 ,
1005 4180 1096 4272 quod
1108 4202 1361 4269 conceperant,
1374 4177 1595 4263 cffitndentcs,
1615 4179 1748 4255 nonsu-

167 4319 190 4355 ,ι
213 4268 284 4339 lum
302 4276 474 4360 potestatis
501 4272 689 4363 hujusmodi
720 4271 913 4362 juffionibus
931 4270 1070 4363 obedire
1089 4271 1271 4340 temerariis
1290 4268 1423 4343 ausibus
1448 4262 1713 4427 contem'pserunt
1735 4320 1746 4353 ,

168 4404 192 4442 „
216 4378 333 4428 rerum
351 4366 454 4434 etiam
470 4363 601 4455 ipsunt,
622 4368 657 4431 dt
677 4359 748 4449 ejus
766 4358 1034 4433 l'aotiliam'adeo
1052 4352 1229 4431 affecerunt
1250 4358 1404 4444 iniuriis,
1425 4362 1460 4427 δι
1481 4354 1568 4429 offen
1583 4381 1635 4442 ts,
1654 4356 1748 4447 quod

166 4490 189 4529 „
211 4444 301 4516 idern
334 4450 477 4521 Potestas
495 4453 631 4523 coadus
646 4452 761 4522 extitit
783 4474 864 4521 cum
883 4448 1049 4541 praedidia
1071 4442 1200 4519 familia
1229 4442 1271 4517 de
1292 4450 1428 4518 civitate
1451 4444 1599 4517 recedere
1621 4468 1750 4517 numo·

167 4584 193 4621 ‚,
213 4550 307 4613 ratas
326 4558 404 4606 curn
422 4560 491 4643 non
510 4536 615 4627 posset
634 4538 735 4627 ipsius
754 4544 902 4627 tegimen
919 4558 1090 4609 exercere.
1109 4532 1267 4606 Prolatus
1286 4552 1397 4607 autem
1416 4532 1541 4605 Restat
1563 4557 1669 4625 nuper
1686 4554 1749 4603 no-

168 4674 195 4713 „
215 4622 268 4695 bis
287 4644 352 4717 per
369 4626 442 4697 suas
458 4628 571 4704 lettres
586 4628 781 4719 intimavit,
798 4628 892 4717 quod
910 4624 1147 4721 predictorum
1166 4624 1377 4697 Mercennarit'
1396 4676 1407 4711 ,
1429 4630 1461 4697 δι
1485 4622 1624 4697 fratrum
1646 4640 1753 4689 teme-

1173 4712 1204 4785 1.
1245 4706 1260 4784 l
1350 4734 1371 4783 a
1584 4758 1611 4800 ‚,
1628 4708 1712 4781 ritas
